2305 2776
235 69 338 106 ‘'³23³-

1044 143 1103 152 ...
1164 123 1222 165 25
1285 143 1342 153 ..-

200 237 255 281 sd
295 238 555 281 tumultum
599 237 830 282 concitare
872 238 1068 296 possint,
1102 237 1307 282 ‘etiamsi
1347 237 1566 283 seditiosi·
1603 237 1836 283 non'sint
1868 239 2183 299 gymnasticae

187 309 409 357 studiosi.
465 310 532 352 ita
565 310 687 352 istud
718 311 897 353 crimen
933 326 957 353 a
990 326 1038 352 re
1071 320 1360 368 gymnastica
1385 311 1751 367 propulsandum'
1777 321 1866 365 est,
1900 313 1940 354 si
1960 312 2182 369 quisunt,

202 383 307 440 qui,
351 382 405 426 ad
443 382 583 427 verba
622 373 875 427 criminosa
918 382 1241 440 respicientes,
1287 399 1334 428 se
1368 383 1533 427 habere
1576 385 1845 443 opinentur,
1891 400 1978 443 quo
2011 387 2186 442 prolato

198 456 343 500 semel
382 455 598 498 omnibus
633 454 1035 499 exercitationibus
1077 457 1260 515 plagam
1302 455 1514 512 injiciant
1549 455 1822 500 maximam.
1901 457 1991 500 Sed
2033 458 2185 513 cujus·

186 543 338 581 inam,
372 528 634 584 quaeritur,
667 537 758 582 est,
791 525 959 572 statuta
989 538 1034 571 et
1067 542 1282 571 concessa
1314 528 1631 587 gymnastica‚
1664 527 2060 585 prohibere-hunc
2081 530 2183 572 abu-

200 614 307 646 sum
352 613 620 654 summum,
657 615 745 656 quo
789 599 1091 657 perniciosius
1131 599 1249 645 nihil
1282 614 1475 656 usquam
1519 601 1713 657 reperiri
1745 610 1890 658 potest
1920 603 1941 646 ’.Ρ
2031 602 2184 645 Prohi-

201 661 311 717 bent
351 671 522 729 publici
552 672 875 730 magistratus,
913 689 1015 715 rem
1056 673 1377 716 scholasticam
1412 671 1727 722 moderantes,
1768 672 2011 730 prohibent
2041 675 2185 733 leges,

202 745 439 804 magistris
472 743 698 798 sancitae,
739 761 852 802 quae
886 746 1072 803 quidem
1109 746 1294 802 jubent,
1337 761 1392 788 ne
1423 744 1533 801 quid
1563 760 1589 788 a
1618 760 1669 787 re
1699 746 1992 804 gymnastica
2021 747 2185 801 alieni,

202 818 318 876 quod
364 815 718 874 magistratuum
761 817 1038 875 imperiique
1081 816 1289 871 intersit,
1338 823 1416 860 aut
1456 815 1545 874 ipsi
1587 832 1775 861 movere
1816 826 2068 872 conentur,
2113 827 2186 861 aut

201 893 254 935 ab
288 891 390 934 aliis
419 889 600 932 moveri
627 889 873 946 patiantur,
904 899 1005 933 tum
1027 890 1330 943 concedendo,
1350 898 1452 932 tum
1471 889 1759 948 indulgendo.
1824 892 2030 947 Namque
2053 891 2189 935 facile

181 963 304 1013 ‚fieri
326 977 465 1019 posse
509 962 740 1019 quispiam
774 963 1041 1017 contendat,
1084 972 1159 1018 ut,
1203 964 1289 1006 etsi
1318 962 1532 1020 magistri
1561 963 1654 1007 sint
1684 962 1978 1021 integerrimi
1999 965 2188 1022 legum·

201 1051 286 1093 que
323 1034 746 1088 observantissimi,
790 1035 931 1078 alieni
963 1045 1086 1079 certe
1119 1045 1276 1078 tamen
1304 1034 1538 1087 homines,
1569 1033 1648 1092 qui
1680 1035 1728 1078 in
1757 1037 2029 1092 palaestram
2061 1036 2188 1079 obre-

179 1107 399 1167 pserint,
432 1106 739 1165 gymnasticis
773 1107 1018 1151 abutantur
1049 1106 1281 1161 coetibus,
1310 1107 1659 1151 exercitationes
1694 1107 1750 1150 ad
1781 1120 1913 1150 suam
1942 1122 2044 1150 rem
2063 1118 2189 1165 pera-

178 1179 399 1240 ;,gendam
430 1186 768 1236 praetexentes,
797 1179 1107 1238 sophistarum
1142 1179 1431 1225 Graecorum
1463 1179 1608 1223 instar
1639 1176 1718 1228 ⁰⁵).

223 1569 293 1612 65)
347 1568 533 1606 Platonis
570 1566 769 1604 videlicet
801 1567 1034 1617 dialogum,
1077 1568 1149 1616 qui
1186 1563 1432 1604 inscribitur
1468 1567 1743 1619 Protagoras,
1784 1560 1981 1613 iubebunt
2019 1569 2184 1615 evolvi,

336 1620 409 1656 ubi
435 1619 494 1667 (p.
521 1616 608 1655 316.
636 1619 672 1654 b.
699 1636 748 1644 —
773 1623 860 1662 317.
887 1619 943 1660 a.)
971 1618 1221 1668 Protagoras
1251 1617 1443 1664 Socrati,
1473 1620 1665 1665 juvenem
1692 1617 1894 1667 quendam
1921 1619 2003 1667 ipsi
2034 1619 2183 1658 doeen-

337 1669 435 1705 dum
462 1681 555 1704 cum
579 1668 717 1703 verbis
742 1668 947 1703 tradenti:
985 1673 1032 1703 tu
1065 1680 1176 1703 nunc
1204 1668 1438 1714 perpende,
1475 1675 1616 1704 utrum
1645 1679 1811 1704 censeas
1849 1669 1924 1703 soli
1952 1670 2030 1704 tibi
2055 1669 2184 1705 disse-

336 1717 514 1754 rendum
546 1727 635 1753 esse
667 1728 759 1752 cum
792 1716 916 1763 solis,
952 1727 1004 1752 an
1041 1728 1134 1752 cum
1171 1715 1292 1762 aliis,
1338 1715 1487 1762 Recte,
1523 1715 1789 1764 respondet,
1816 1718 2020 1765 prospicis
2056 1713 2183 1765 mihi,

338 1767 541 1811 Socrate3
568 1768 812 1816 peregrinus
837 1767 948 1802 enim
974 1767 1063 1811 vir,
1093 1765 1192 1814 qui,
1227 1764 1839 1816 magnas‘urbeseircumiens,
1875 1768 2184 1815 praestantissi-

332 1819 415 1853 mis
441 1818 594 1863 ubique
622 1817 834 1861 juvenibus
862 1815 1111 1862 persuadet,
1145 1821 1215 1859 ut,
1258 1816 1406 1851 relicta
1442 1816 1623 1851 aliorum
1652 1816 1989 1861 consuetudine,-
2017 1823 2060 1852 et
2093 1819 2182 1858 affi-

336 1868 453 1903 nium
481 1870 523 1901 e‘t
549 1864 801 1910 alienorum,
843 1869 884 1899 et
908 1865 1122 1900 seniorum
1149 1862 1191 1900 et
1223 1862 1459 1910 juniorum,
1493 1865 1575 1912 ipsi
1613 1863 1889 1910 adhaereant,
1925 1870 2119 1914 tanquam
2144 1867 2182 1901 i-

335 1917 454 1965 psius
476 1913 777 1951 consuetudine
804 1914 1000 1950 meliores
1025 1913 1219 1958 evasuri,
1257 1913 1456 1960 prudenti
1480 1915 1673 1952 cautione
1699 1913 1883 1962 indiget3
1910 1925 2055 1966 magna
2072 1913 2183 1961 enim

335 1966 499 2004 idcirco
525 1965 741 2002 conflatur
775 1963 959 2009 invidia,
995 1974 1166 2013 magnae
1204 1963 1306 1999 item
1334 1964 1580 2006 inimicitiae
1617 1969 1659 2001 et
1689 1963 1879 2004 insidiae.
1946 1965 2081 2013 Atque
2106 1962 2183 2024 eg'o

337 2017 609 2065 sophisticam
633 2019 765 2050 artem
800 2014 985 2050 arbitror
1012 2017 1101 2050 esse
1127 2018 1355 2058 vetustam,
1385 2026 1455 2050 eos
1482 2019 1644 2059 autem,
1679 2015 1750 2061 qui
1779 2015 1911 2062 ipsam
1947 2016 2184 2053 factitarint

337 2066 388 2103 de
407 2066 628 2103 veteribus
654 2065 760 2101 viris
776 2090 788 2110 ,
822 2065 986 2101 veritos
1009 2065 1097 2112 ejus
1121 2062 1323 2100 invidiam
1343 2064 1391 2100 ct
1416 2065 1708 2110 offensionem,
1742 2064 2004 2102 involucrum
2030 2065 2185 2103 fecisse*

337 2129 385 2154 ac
421 2114 708 2164 praetendisse
742 2115 845 2150 alios
882 2116 1006 2151 aliam
1026 2119 1203 2158 -fartem3
1252 2114 1537 2164 nonnullos
1574 2125 1698 2151 vero
1744 2116 1977 2162 comperi
2025 2116 2181 2152 etiam

372 2165 719 2214 ymnasticam
748 2164 1130 2211 praetexuisse
1158 2167 1346 2208 artem,
1384 2168 1433 2199 ut
1460 2164 1579 2212 lccus‘
1604 2162 1984 2209 Tarentinus'fecit
2010 2169 2076 2210 et,
2108 2167 2179 2213 qui

335 2178 546 2261 {odioque
570 2210 700 2258 vivit,
727 2213 839 2249 nullo
865 2213 1046 2249 inferior
1070 2210 1284 2260 sophista,
1304 2211 1545 2249 Herodicus
1568 2211 1862 2261 solym-ianam
1890 2213 2179 2258 musicamau-

334 2272 419 2303 tem
446 2270 589 2307 vester
616 2262 862 2313 Agathocles
885 2263 1450 2311 inyolucvrum-fe.9ezat„qui
1478 2273 1648 2312 magnus
1672 2267 1764 2309 erat
1775 2262 1987 2312 sophista,
2018 2263 2178 2314 Pytho-

337 2313 469 2354 clides
494 2307 600 2350 Ceus
624 2313 779 2361 aliique
797 2312 929 2350 multi.
983 2313 1065 2360 Qui
1081 2322 1247 2358 omnes,
1272 2318 1321 2349 ut
1340 2311 1457 2358 dico,
1483 2302 1682 2349 invidia'm
1695 2303 1825 2348 veriti
1842 2305 1908 2347 his
1926 2302 2087 2350 iah-tibus
2100 2314 2176 2362 pro

334 2364 634 2415 integumentis
669 2363 737 2399 usi
771 2368 878 2398 sunt.
942 2363 1025 2413 Ego
1058 2372 1162 2399 vero
1198 2362 1273 2408 iis,
1307 2362 1416 2409 quod
1441 2361 1493 2398 ad
1520 2361 1599 2398 hoc
1622 2362 1795 2406 attinet,
1832 2372 1914 2396 nou
1946 2365 2176 2407 essentium

335 2427 484 2453 censeo
513 2415 625 2451 enim
644 2415 756 2461 ipsos
772 2423 860 2448 esse
878 2411 1213 2461 haudquaquam,
1243 2412 1351 2460 quod
1381 2412 1629 2457 voluissent,
1657 2415 1902 2456 assecutos,
1926 2413 2176 2461 quiam-quo-

333 2479 426 2502 rum
454 2477 577 2501 causa
603 2463 704 2500 haec
732 2467 830 2498 sunt
854 2462 1131 2499 simulationis
1160 2463 1467 2514 integumenta,
1508 2473 1578 2497 eos
1612 2471 1693 2496 non
1721 2459 1944 2506 latuerint,
1983 2463 2099 2499 viros
2125 2464 2173 2499 il-

331 2516 416 2562 los,
447 2526 572 2563 penes
597 2525 700 2562 quos
727 2517 791 2549 est
810 2508 1001 2550 'civitatis
1027 2507 1610 2560 administrandae-puteana
1637 2550 1646 2555 ,
1670 2507 1695 2521 ”
1757 2508 1765 2541 ἶ
1807 2509 1878 2544 z'j·
1896 2522 1905 2543 τ
1926 2508 1932 2514 ’
1950 2510 2005 2545 21‘
2060 2507 2117 2551 {22
2148 2540 2156 2547 .
