2305 2776
958 86 1254 130 ...14-

102 216 284 261 euntes,
341 203 399 248 ad
438 202 700 248 animosam
735 212 922 248 naturae
969 214 1149 262 partem
1181 205 1330 266 magis
1360 205 1635 263 respiciant,
1679 207 1907 262 quam.ad
1937 207 2097 258 robur,

101 294 274 337 neque,
307 276 699 336 quemadmodum
732 277 952 331 athletae,
986 278 1161 322 roboris
1193 292 1329 322 causa
1359 277 1539 323 victum
1570 277 1812 323 instituant
1835 280 2097 337 laboresque

101 353 369 397 sustineant.
444 349 594 409 Igitur
635 350 779 393 etiam
813 350 878 405 ii,
923 351 1001 408 qui
1035 350 1268 396 musicam
1310 339 1354 395 et
1391 351 1737 410 gymnasticam
1770 350 2097 405 condiderunt,

103 443 195 470 non
225 439 330 469 eam
364 424 418 466 ob
453 436 665 475 causam,
707 438 850 479 quam
880 424 1091 466 nonnulli
1121 432 1320 481 ponunt,
1354 423 1686 477 condiderunt,
1716 432 1768 467 ut
1799 425 1939 467 altera
1972 433 2097 481 parte

102 512 267 555 corpus
307 504 581 548 curaretur,
626 495 772 540 altera
816 493 1028 550 animus,
1089 495 1171 541 sed
1213 504 1460 555 utramque
1514 494 1664 540 animi
1706 511 1846 542 causa
1895 494 2100 540 maxime

102 570 323 615 videntur
356 568 616 612 instituisse
651 568 728 615 5¹¹²).

1029 671 1066 715 §-
1130 671 1172 712 6.

282 758 491 813 Namque
533 755 636 812 quis
677 765 768 809 est,
813 756 893 814 qui
935 772 1021 799 non
1064 756 1314 814 intelligat,
1363 756 1442 813 qui
1474 757 1816 815 gymnasticam
1848 765 1991 800 totam
2019 771 2100 813 per

105 833 250 876 vitam
293 829 613 883 exercuerint,
649 830 881 872 musicam
915 845 1019 873 vero
1056 846 1146 872 non
1183 830 1442 889 attigerint,
1485 846 1559 874 eos
1592 830 1812 884 seriores,
1848 844 1985 885 quam
2018 815 2100 885 par

105 912 198 958 est,
241 904 488 955 exsistere,
533 902 792 959 ignorantia
826 911 870 944 et
903 902 1143 945 stoliditate
1180 896 1333 958 plenos
1366 912 1498 960 atque
1526 901 1852 946 concinnitatis
1881 910 1925 943 et
1958 917 2099 944 venu-

105 979 233 1022 statis
277 985 507 1032 expertes,
548 974 690 1017 simul
731 975 780 1018 vi
824 984 870 1017 et
909 975 1113 1029 feritate,
1154 985 1373 1032 tanquam
1407 977 1605 1030 belluas,
1651 976 1864 1018 omnibus
1898 975 2101 1030 partibus

106 1058 314 1108 agente03
348 1056 505 1089 contra
534 1046 612 1102 qui
647 1047 830 1089 musica
862 1055 1048 1089 utantur
1080 1063 1236 1100 mera,
1270 1062 1344 1090 eos
1380 1047 1615 1091 molliores
1646 1047 1855 1090 vicissim
1882 1047 2100 1100 evadere,

107 1137 249 1181 quam
301 1120 454 1172 decet,
500 1118 878 1162 excandescentia
923 1117 978 1162 iis
1023 1121 1166 1176 ejecta
1216 1130 1259 1162 et
1308 1121 1432 1163 velut
1478 1120 1632 1163 nervis
1674 1120 1830 1162 animo
1868 1120 2100 1164 exsectis?

105 1197 169 1240 At
198 1194 327 1237 enim
362 1191 601 1234 neminem
635 1191 927 1248 praeteribit,
959 1192 997 1235 si
1031 1192 1133 1249 quis
1167 1191 1536 1235 moderatissime
1569 1207 1676 1235 cum
1706 1192 1885 1235 musica
1908 1206 2101 1251 gymna-

105 1270 272 1314 sticam
316 1265 647 1319 commisceat,
687 1279 822 1319 eum,
864 1274 1052 1322 utraque
1098 1253 1455 1322 intemperantia
1496 1267 1691 1321 sublata,
1734 1282 1814 1322 pro
1846 1266 2027 1308 feritate
2060 1275 2104 1308 et

107 1342 303 1393 duritie,
333 1338 530 1380 mollitie
564 1346 608 1379 et
641 1337 990 1380 mansuetudine
1010 1339 1097 1381 sibi
1123 1338 1397 1381 modestiam
1426 1347 1468 1380 et
1489 1325 1869 1392 moderationem,
1890 1336 2099 1382 animum

106 1416 297 1461 virilem
333 1421 377 1454 et
410 1410 732 1453 fortitudinem
766 1426 863 1453 esse
895 1411 1320 1454 reconciliaturum.
1382 1411 1458 1453 Ad
1488 1411 1601 1454 haec
1623 1411 1768 1469 igitur
1797 1409 1910 1463 duo,
1945 1420 1996 1452 ut
2027 1425 2102 1468 pa-

105 1497 196 1541 tet,
242 1486 381 1528 deum
426 1499 508 1526 nos
548 1482 737 1539 quidem
770 1481 1023 1526 dixerimus
1054 1483 1232 1527 dedisse
1265 1482 1533 1526 hominibus
1566 1483 1798 1548 musicam
1834 1492 1875 1525 et
1907 1497 2101 1542 gymna-

106 1562 300 1612 sticam,
335 1556 391 1600 ad
425 1556 684 1598 animosam
720 1564 763 1597 et
794 1555 847 1598 ad
879 1555 1195 1614 philosopham
1231 1555 1463 1610 indolem,
1497 1572 1586 1599 non
1620 1555 1673 1600 ad
1703 1556 1913 1599 animum
1940 1566 1983 1599 et
2005 1572 2101 1600 cor-

106 1649 216 1692 pus,
260 1629 353 1673 nisi
383 1627 628 1673 subsicivis
661 1629 808 1684 operis
849 1629 895 1671 id
929 1630 1030 1683 fiat,
1074 1630 1152 1672 sed
1196 1629 1250 1671 ad
1284 1630 1409 1683 illa,-
1433 1639 1482 1671 ut
1516 1630 1636 1672 inter
1668 1644 1740 1684 se,
1775 1638 1993 1686 quatenus
2022 1646 2102 1687 par
2144 1658 2147 1659 ν

107 1717 201 1760 est,
233 1706 533 1749 concinerent
566 1701 740 1743 intenta
769 1711 813 1744 et
842 1702 1044 1746 remissa.
1113 1703 1259 1758 Quem
1293 1711 1569 1746 concentum
1603 1703 1699 1758 ipsa
1731 1702 1968 1759 utriusque
1990 1701 2117 1747 artis'

108 1776 382 1837 temperatio
417 1775 660 1828 effectura,
694 1775 888 1817 alterum
923 1775 1118 1819 intendit
1145 1784 1187 1818 et
1218 1775 1363 1818 nutrit
1396 1775 1685 1819 sermonibus
1713 1774 1920 1832 pulchris
1955 1776 2100 1820 acdi-

107 1853 341 1910 sciplinis,
378 1850 575 1892 alterum
609 1848 830 1901 remittit,
866 1848 1054 1904 delenit,
1088 1849 1272 1906 mitigat
1303 1849 1549 1891 harmonia
1581 1857 1625 1890 et
1644 1861 1868 1901 numero,
1898 1858 1949 1890 ut
1967 1851 2100 1893 ambo

106 1926 227 1985 parti
260 1923 313 1967 ad
343 1921 616 1978 cupiditates
650 1934 893 1977 propensae
927 1921 1037 1965 bene
1073 1937 1282 1980 praeesse
1314 1930 1506 1979 queant,
1539 1930 1673 1978 atque
1706 1927 1798 1974 ita,
1832 1935 1962 1965 suam
1994 1939 2100 1981 qua-

109 2015 195 2058 que
232 1997 379 2041 animi
408 1980 614 2051 partium
648 2008 748 2035 rem
781 2003 989 2051 gerente,
1020 1997 1116 2052 ipse
1152 1995 1290 2037 homo
1323 2004 1442 2038 totus
1474 1995 1659 2038 exsistat
1691 2002 1735 2036 et
1767 1994 1996 2050 perfectus
2025 1995 2097 2043 35).

1033 2099 1068 2142 ἕ.
1142 2097 1183 2138 7.

288 2183 389 2228 Tali
422 2182 518 2238 jam
546 2180 725 2223 ratione
758 2180 1031 2223 athletarum
1063 2190 1108 2224 et
1148 2181 1365 2224 exercitia
1408 2181 1721 2224 intentissima
1759 2190 1804 2224 et
1825 2182 2003 2224 victum
2033 2183 2100 2226 vi.-

108 2259 337 2316 vendique
370 2256 601 2299 rationem
632 2268 712 2297 nos
744 2262 924 2310 oportet
953 2255 1242 2312 vituperare,
1279 2263 1331 2298 ut
1363 2269 1474 2311 quos
1507 2253 1721 2297 videmus
1752 2254 1898 2296 vitam
1931 2253 2101 2297 dormi-

111 2383 612 2401 ,--,--..-.

133 2438 199 2481 31.)
256 2438 409 2473 Politia
434 2436 492 2470 111.
522 2440 608 2475 (⁴03-
639 2444 659 2467 e
700 2451 749 2457 —-
776 2437 864 2472 4¹0.
896 2445 930 2467 c.

132 2489 200 2533 35)
256 2488 408 2523 Politia
429 2486 487 2521 111.
516 2490 603 2526 ato.
634 2495 667 2519 c.
698 2501 745 2507 —
772 2487 858 2522 412.
891 2494 926 2517 a.
