<?xml version="1.0" encoding="UTF-8"?>
<!DOCTYPE html PUBLIC "-//W3C//DTD XHTML 1.0 Transitional//EN"
    "http://www.w3.org/TR/xhtml1/DTD/xhtml1-transitional.dtd">
<html xmlns="http://www.w3.org/1999/xhtml" xml:lang="en" lang="en">
 <head>
  <title>
</title>
<meta http-equiv="Content-Type" content="text/html;charset=utf-8" />
  <meta name='ocr-system' content='tesseract 3.04.00' />
  <meta name='ocr-capabilities' content='ocr_page ocr_carea ocr_par ocr_line ocrx_word'/>
</head>
<body>
  <div class='ocr_page' id='page_1' title='image "./4626728_0012.png"; bbox 0 0 2233 2752; ppageno 0'>
   <div class='ocr_carea' id='block_1_1' title="bbox 1003 236 1129 304">
    <p class='ocr_par' dir='ltr' id='par_1_1' title="bbox 1003 236 1129 304">
     <span class='ocr_line' id='line_1_1' title="bbox 1003 236 1129 304; baseline 0 -51"><span class='ocrx_word' id='word_1_1' title='bbox 1003 236 1129 304; x_wconf 57' lang='lat' dir='ltr'><strong>„L</strong></span> 
     </span>
    </p>
   </div>
   <div class='ocr_carea' id='block_1_2' title="bbox 99 349 2099 630">
    <p class='ocr_par' dir='ltr' id='par_1_2' title="bbox 100 349 2099 414">
     <span class='ocr_line' id='line_1_2' title="bbox 100 349 2099 414; baseline -0.006 -12"><span class='ocrx_word' id='word_1_2' title='bbox 100 354 389 401; x_wconf 84' lang='lat' dir='ltr'><strong>Educatio</strong></span> <span class='ocrx_word' id='word_1_3' title='bbox 424 352 560 414; x_wconf 86' lang='lat' dir='ltr'><strong>quid</strong></span> <span class='ocrx_word' id='word_1_4' title='bbox 587 352 665 398; x_wconf 83' lang='lat' dir='ltr'><strong>sit</strong></span> <span class='ocrx_word' id='word_1_5' title='bbox 694 353 945 414; x_wconf 83' lang='lat' dir='ltr'><strong>quidque</strong></span> <span class='ocrx_word' id='word_1_6' title='bbox 978 353 1205 409; x_wconf 81' lang='lat' dir='ltr'><strong>valeat,</strong></span> <span class='ocrx_word' id='word_1_7' title='bbox 1252 361 1427 411; x_wconf 82' lang='lat' dir='ltr'><strong>atque</strong></span> <span class='ocrx_word' id='word_1_8' title='bbox 1469 349 1888 411; x_wconf 15' lang='lat' dir='ltr'><strong>quanam-inde</strong></span> <span class='ocrx_word' id='word_1_9' title='bbox 1920 350 2099 412; x_wconf 79' lang='lat' dir='ltr'><strong>ratio-</strong></span> 
     </span>
    </p>

    <p class='ocr_par' dir='ltr' id='par_1_3' title="bbox 99 422 2099 489">
     <span class='ocr_line' id='line_1_3' title="bbox 99 422 2099 489; baseline -0.005 -15"><span class='ocrx_word' id='word_1_10' title='bbox 99 422 164 474; x_wconf 83' lang='lat' dir='ltr'><strong>ne</strong></span> <span class='ocrx_word' id='word_1_11' title='bbox 198 425 570 489; x_wconf 77' lang='lat' dir='ltr'><strong>gymnastica</strong></span> <span class='ocrx_word' id='word_1_12' title='bbox 601 441 717 471; x_wconf 85' lang='lat' dir='ltr'><strong>una</strong></span> <span class='ocrx_word' id='word_1_13' title='bbox 753 442 882 472; x_wconf 90' lang='lat' dir='ltr'><strong>cum</strong></span> <span class='ocrx_word' id='word_1_14' title='bbox 919 435 1069 480; x_wconf 85' lang='lat' dir='ltr'><strong>arte,</strong></span> <span class='ocrx_word' id='word_1_15' title='bbox 1100 441 1241 486; x_wconf 86' lang='lat' dir='ltr'><strong>quae</strong></span> <span class='ocrx_word' id='word_1_16' title='bbox 1273 435 1546 481; x_wconf 82' lang='lat' dir='ltr'><strong>vocatur,</strong></span> <span class='ocrx_word' id='word_1_17' title='bbox 1591 425 1823 470; x_wconf 83' lang='lat' dir='ltr'><strong>musica</strong></span> <span class='ocrx_word' id='word_1_18' title='bbox 1857 423 2099 468; x_wconf 86' lang='lat' dir='ltr'><strong>oriatur</strong></span> 
     </span>
    </p>

    <p class='ocr_par' dir='ltr' id='par_1_4' title="bbox 99 495 2097 630">
     <span class='ocr_line' id='line_1_4' title="bbox 99 495 2097 556; baseline -0.003 -11"><span class='ocrx_word' id='word_1_19' title='bbox 99 499 467 553; x_wconf 19' lang='lat' dir='ltr'><strong>necessersit,</strong></span> <span class='ocrx_word' id='word_1_20' title='bbox 527 499 853 547; x_wconf 77' lang='lat' dir='ltr'><strong>Accedunt</strong></span> <span class='ocrx_word' id='word_1_21' title='bbox 897 499 1244 556; x_wconf 83' lang='lat' dir='ltr'><strong>adjumenta</strong></span> <span class='ocrx_word' id='word_1_22' title='bbox 1285 498 1494 545; x_wconf 88' lang='lat' dir='ltr'><strong>harum</strong></span> <span class='ocrx_word' id='word_1_23' title='bbox 1522 499 1742 544; x_wconf 88' lang='lat' dir='ltr'><strong>artium</strong></span> <span class='ocrx_word' id='word_1_24' title='bbox 1776 495 2097 543; x_wconf 84' lang='lat' dir='ltr'><strong>discenda-</strong></span> 
     </span>
     <span class='ocr_line' id='line_1_5' title="bbox 890 572 1302 630; baseline -0.005 -12"><span class='ocrx_word' id='word_1_25' title='bbox 890 585 1016 618; x_wconf 89' lang='lat' dir='ltr'><strong>rum</strong></span> <span class='ocrx_word' id='word_1_26' title='bbox 1047 572 1302 630; x_wconf 82' lang='lat' dir='ltr'><strong>publica.</strong></span> 
     </span>
    </p>
   </div>
   <div class='ocr_carea' id='block_1_3' title="bbox 961 688 1208 707">
    <p class='ocr_par' dir='ltr' id='par_1_5' title="bbox 961 688 1208 707">
     <span class='ocr_line' id='line_1_6' title="bbox 961 688 1208 707; baseline 0.004 -4"><span class='ocrx_word' id='word_1_27' title='bbox 961 688 1208 707; x_wconf 53' lang='grc' dir='ltr'><strong>α*</strong></span> 
     </span>
    </p>
   </div>
   <div class='ocr_carea' id='block_1_4' title="bbox 960 837 1167 914">
    <p class='ocr_par' dir='ltr' id='par_1_6' title="bbox 960 837 1167 914">
     <span class='ocr_line' id='line_1_7' title="bbox 960 837 1167 914; baseline -0.024 0"><span class='ocrx_word' id='word_1_28' title='bbox 960 837 969 865; x_wconf 69' lang='lat'>³</span> <span class='ocrx_word' id='word_1_29' title='bbox 1018 870 1055 914; x_wconf 82' lang='lat'><strong>§.</strong></span> <span class='ocrx_word' id='word_1_30' title='bbox 1127 867 1167 910; x_wconf 86' lang='lat'><strong>1.</strong></span> 
     </span>
    </p>
   </div>
   <div class='ocr_carea' id='block_1_5' title="bbox 83 937 2092 2075">
    <p class='ocr_par' dir='ltr' id='par_1_7' title="bbox 83 937 2092 2075">
     <span class='ocr_line' id='line_1_8' title="bbox 92 937 2088 1036; baseline -0.002 -11"><span class='ocrx_word' id='word_1_31' title='bbox 92 937 359 1025; x_wconf 81' lang='lat' dir='ltr'><strong>Summam</strong></span> <span class='ocrx_word' id='word_1_32' title='bbox 390 978 676 1024; x_wconf 77' lang='lat' dir='ltr'><strong>educationis</strong></span> <span class='ocrx_word' id='word_1_33' title='bbox 706 978 907 1023; x_wconf 86' lang='lat' dir='ltr'><strong>dicimus</strong></span> <span class='ocrx_word' id='word_1_34' title='bbox 939 993 1037 1023; x_wconf 90' lang='lat' dir='ltr'><strong>esse</strong></span> <span class='ocrx_word' id='word_1_35' title='bbox 1070 979 1119 1022; x_wconf 91' lang='lat' dir='ltr'><strong>in</strong></span> <span class='ocrx_word' id='word_1_36' title='bbox 1154 977 1395 1036; x_wconf 85' lang='lat' dir='ltr'><strong>disciplina</strong></span> <span class='ocrx_word' id='word_1_37' title='bbox 1425 993 1451 1022; x_wconf 88' lang='lat' dir='ltr'><strong>a</strong></span> <span class='ocrx_word' id='word_1_38' title='bbox 1478 977 1675 1036; x_wconf 85' lang='lat' dir='ltr'><strong>pueritia</strong></span> <span class='ocrx_word' id='word_1_39' title='bbox 1704 978 1939 1031; x_wconf 88' lang='lat' dir='ltr'><strong>instituta,</strong></span> <span class='ocrx_word' id='word_1_40' title='bbox 1973 992 2088 1035; x_wconf 81' lang='lat' dir='ltr'><strong>quae</strong></span> 
     </span>
     <span class='ocr_line' id='line_1_9' title="bbox 92 1049 2089 1111; baseline -0.003 -12"><span class='ocrx_word' id='word_1_41' title='bbox 92 1055 317 1100; x_wconf 81' lang='lat' dir='ltr'><strong>virtutem</strong></span> <span class='ocrx_word' id='word_1_42' title='bbox 347 1061 548 1111; x_wconf 81' lang='lat' dir='ltr'><strong>spectet,</strong></span> <span class='ocrx_word' id='word_1_43' title='bbox 589 1052 726 1111; x_wconf 89' lang='lat' dir='ltr'><strong>idque</strong></span> <span class='ocrx_word' id='word_1_44' title='bbox 754 1051 953 1106; x_wconf 84' lang='lat' dir='ltr'><strong>efficiat,</strong></span> <span class='ocrx_word' id='word_1_45' title='bbox 987 1060 1038 1096; x_wconf 93' lang='lat' dir='ltr'><strong>ut</strong></span> <span class='ocrx_word' id='word_1_46' title='bbox 1069 1051 1192 1095; x_wconf 87' lang='lat' dir='ltr'><strong>idem</strong></span> <span class='ocrx_word' id='word_1_47' title='bbox 1226 1060 1272 1095; x_wconf 90' lang='lat' dir='ltr'><strong>et</strong></span> <span class='ocrx_word' id='word_1_48' title='bbox 1303 1051 1532 1109; x_wconf 84' lang='lat' dir='ltr'><strong>perfectus</strong></span> <span class='ocrx_word' id='word_1_49' title='bbox 1566 1052 1675 1095; x_wconf 86' lang='lat' dir='ltr'><strong>fieri</strong></span> <span class='ocrx_word' id='word_1_50' title='bbox 1702 1052 1818 1096; x_wconf 80' lang='lat' dir='ltr'><strong>civis</strong></span> <span class='ocrx_word' id='word_1_51' title='bbox 1853 1049 2011 1109; x_wconf 90' lang='lat' dir='ltr'><strong>cupiat</strong></span> <span class='ocrx_word' id='word_1_52' title='bbox 2042 1059 2089 1094; x_wconf 80' lang='lat' dir='ltr'><strong>et</strong></span> 
     </span>
     <span class='ocr_line' id='line_1_10' title="bbox 91 1119 2089 1186; baseline -0.003 -14"><span class='ocrx_word' id='word_1_53' title='bbox 91 1129 210 1186; x_wconf 87' lang='lat' dir='ltr'><strong>juste</strong></span> <span class='ocrx_word' id='word_1_54' title='bbox 241 1119 810 1184; x_wconf 53' lang='lat' dir='ltr'><strong>tam·imperare;·²quam</strong></span> <span class='ocrx_word' id='word_1_55' title='bbox 848 1140 1009 1183; x_wconf 87' lang='lat' dir='ltr'><strong>parere</strong></span> <span class='ocrx_word' id='word_1_56' title='bbox 1042 1126 1155 1170; x_wconf 81' lang='lat' dir='ltr'><strong>velit</strong></span> <span class='ocrx_word' id='word_1_57' title='bbox 1199 1129 1259 1181; x_wconf 79' lang='lat'><strong>2);</strong></span> <span class='ocrx_word' id='word_1_58' title='bbox 1320 1125 1395 1169; x_wconf 85' lang='lat' dir='ltr'><strong>vel</strong></span> <span class='ocrx_word' id='word_1_59' title='bbox 1434 1139 1538 1168; x_wconf 88' lang='lat' dir='ltr'><strong>eam</strong></span> <span class='ocrx_word' id='word_1_60' title='bbox 1579 1139 1677 1169; x_wconf 89' lang='lat' dir='ltr'><strong>esse</strong></span> <span class='ocrx_word' id='word_1_61' title='bbox 1717 1125 1992 1178; x_wconf 83' lang='lat' dir='ltr'><strong>statuimus,</strong></span> <span class='ocrx_word' id='word_1_62' title='bbox 2037 1132 2089 1167; x_wconf 85' lang='lat' dir='ltr'><strong>ut</strong></span> 
     </span>
     <span class='ocr_line' id='line_1_11' title="bbox 90 1197 2086 1260; baseline -0.001 -17"><span class='ocrx_word' id='word_1_63' title='bbox 90 1200 298 1260; x_wconf 87' lang='lat' dir='ltr'><strong>pluribus</strong></span> <span class='ocrx_word' id='word_1_64' title='bbox 337 1213 696 1258; x_wconf 81' lang='lat' dir='ltr'><strong>persequamur,</strong></span> <span class='ocrx_word' id='word_1_65' title='bbox 746 1212 1000 1257; x_wconf 88' lang='lat' dir='ltr'><strong>puerorum</strong></span> <span class='ocrx_word' id='word_1_66' title='bbox 1040 1197 1231 1243; x_wconf 84' lang='lat' dir='ltr'><strong>ductum</strong></span> <span class='ocrx_word' id='word_1_67' title='bbox 1277 1208 1324 1243; x_wconf 92' lang='lat' dir='ltr'><strong>et</strong></span> <span class='ocrx_word' id='word_1_68' title='bbox 1365 1199 1707 1242; x_wconf 89' lang='lat' dir='ltr'><strong>institutionem</strong></span> <span class='ocrx_word' id='word_1_69' title='bbox 1752 1198 1807 1245; x_wconf 81' lang='lat' dir='ltr'><strong>ad</strong></span> <span class='ocrx_word' id='word_1_70' title='bbox 1855 1199 2086 1246; x_wconf 79' lang='lat' dir='ltr'><strong>rationem</strong></span> 
     </span>
     <span class='ocr_line' id='line_1_12' title="bbox 88 1271 2092 1332; baseline -0.002 -12"><span class='ocrx_word' id='word_1_71' title='bbox 88 1283 267 1320; x_wconf 79' lang='lat' dir='ltr'><strong>rectam</strong></span> <span class='ocrx_word' id='word_1_72' title='bbox 301 1288 327 1317; x_wconf 87' lang='lat' dir='ltr'><strong>a</strong></span> <span class='ocrx_word' id='word_1_73' title='bbox 359 1274 459 1332; x_wconf 84' lang='lat' dir='ltr'><strong>lege</strong></span> <span class='ocrx_word' id='word_1_74' title='bbox 491 1273 850 1332; x_wconf 82' lang='lat' dir='ltr'><strong>praescriptam,</strong></span> <span class='ocrx_word' id='word_1_75' title='bbox 896 1286 1036 1332; x_wconf 82' lang='lat' dir='ltr'><strong>quam</strong></span> <span class='ocrx_word' id='word_1_76' title='bbox 1074 1271 1440 1319; x_wconf 84' lang='lat' dir='ltr'><strong>moderatissimi</strong></span> <span class='ocrx_word' id='word_1_77' title='bbox 1480 1272 1775 1332; x_wconf 86' lang='lat' dir='ltr'><strong>maximeque</strong></span> <span class='ocrx_word' id='word_1_78' title='bbox 1808 1281 1952 1317; x_wconf 82' lang='lat' dir='ltr'><strong>aetate</strong></span> <span class='ocrx_word' id='word_1_79' title='bbox 1985 1287 2092 1332; x_wconf 82' lang='lat' dir='ltr'><strong>pro-</strong></span> 
     </span>
     <span class='ocr_line' id='line_1_13' title="bbox 87 1344 2086 1405; baseline -0.002 -13"><span class='ocrx_word' id='word_1_80' title='bbox 87 1347 235 1402; x_wconf 71' lang='lat' dir='ltr'><strong>vecti,</strong></span> <span class='ocrx_word' id='word_1_81' title='bbox 269 1346 552 1404; x_wconf 78' lang='lat' dir='ltr'><strong>experientia</strong></span> <span class='ocrx_word' id='word_1_82' title='bbox 583 1344 754 1401; x_wconf 87' lang='lat' dir='ltr'><strong>edocti,</strong></span> <span class='ocrx_word' id='word_1_83' title='bbox 786 1361 839 1391; x_wconf 89' lang='lat' dir='ltr'><strong>re</strong></span> <span class='ocrx_word' id='word_1_84' title='bbox 865 1361 976 1391; x_wconf 83' lang='lat' dir='ltr'><strong>vera</strong></span> <span class='ocrx_word' id='word_1_85' title='bbox 1002 1361 1101 1391; x_wconf 87' lang='lat' dir='ltr'><strong>esse</strong></span> <span class='ocrx_word' id='word_1_86' title='bbox 1131 1355 1309 1390; x_wconf 87' lang='lat' dir='ltr'><strong>rectam</strong></span> <span class='ocrx_word' id='word_1_87' title='bbox 1330 1346 1618 1392; x_wconf 86' lang='lat' dir='ltr'><strong>consentiant</strong></span> <span class='ocrx_word' id='word_1_88' title='bbox 1652 1347 1715 1401; x_wconf 72' lang='grc' dir='ltr'><strong>ὅ),</strong></span> <span class='ocrx_word' id='word_1_89' title='bbox 1749 1345 1955 1404; x_wconf 86' lang='lat' dir='ltr'><strong>quaeque</strong></span> <span class='ocrx_word' id='word_1_90' title='bbox 1980 1359 2086 1405; x_wconf 84' lang='lat' dir='ltr'><strong>pue-</strong></span> 
     </span>
     <span class='ocr_line' id='line_1_14' title="bbox 86 1412 2085 1481; baseline -0.002 -14"><span class='ocrx_word' id='word_1_91' title='bbox 86 1436 249 1467; x_wconf 85' lang='lat' dir='ltr'><strong>rorum</strong></span> <span class='ocrx_word' id='word_1_92' title='bbox 282 1412 453 1475; x_wconf 81' lang='lat' dir='ltr'><strong>animis</strong></span> <span class='ocrx_word' id='word_1_93' title='bbox 482 1434 636 1464; x_wconf 89' lang='lat' dir='ltr'><strong>mores</strong></span> <span class='ocrx_word' id='word_1_94' title='bbox 668 1418 995 1465; x_wconf 85' lang='lat' dir='ltr'><strong>convenientes</strong></span> <span class='ocrx_word' id='word_1_95' title='bbox 1029 1419 1295 1481; x_wconf 81' lang='lat' dir='ltr'><strong>ingeneret,</strong></span> <span class='ocrx_word' id='word_1_96' title='bbox 1329 1422 1522 1480; x_wconf 90' lang='lat' dir='ltr'><strong>quibus,</strong></span> <span class='ocrx_word' id='word_1_97' title='bbox 1557 1436 1701 1479; x_wconf 90' lang='lat' dir='ltr'><strong>quum</strong></span> <span class='ocrx_word' id='word_1_98' title='bbox 1733 1421 1964 1466; x_wconf 80' lang='lat' dir='ltr'><strong>rationem</strong></span> <span class='ocrx_word' id='word_1_99' title='bbox 1984 1436 2085 1479; x_wconf 84' lang='lat' dir='ltr'><strong>per-</strong></span> 
     </span>
     <span class='ocr_line' id='line_1_15' title="bbox 88 1491 2085 1553; baseline -0.002 -13"><span class='ocrx_word' id='word_1_100' title='bbox 88 1493 323 1553; x_wconf 82' lang='lat' dir='ltr'><strong>ceperint,</strong></span> <span class='ocrx_word' id='word_1_101' title='bbox 363 1491 673 1537; x_wconf 83' lang='lat' dir='ltr'><strong>assentiantur</strong></span> <span class='ocrx_word' id='word_1_102' title='bbox 712 1501 837 1537; x_wconf 90' lang='lat' dir='ltr'><strong>recte</strong></span> <span class='ocrx_word' id='word_1_103' title='bbox 867 1507 915 1553; x_wconf 79' lang='lat' dir='ltr'><strong>se</strong></span> <span class='ocrx_word' id='word_1_104' title='bbox 948 1493 1148 1538; x_wconf 86' lang='lat' dir='ltr'><strong>imbutos</strong></span> <span class='ocrx_word' id='word_1_105' title='bbox 1177 1508 1305 1549; x_wconf 88' lang='lat' dir='ltr'><strong>esse,</strong></span> <span class='ocrx_word' id='word_1_106' title='bbox 1346 1495 1411 1538; x_wconf 88' lang='lat' dir='ltr'><strong>ita</strong></span> <span class='ocrx_word' id='word_1_107' title='bbox 1442 1494 1682 1550; x_wconf 86' lang='lat' dir='ltr'><strong>educatos,</strong></span> <span class='ocrx_word' id='word_1_108' title='bbox 1722 1503 1773 1537; x_wconf 89' lang='lat' dir='ltr'><strong>ut</strong></span> <span class='ocrx_word' id='word_1_109' title='bbox 1814 1494 1975 1538; x_wconf 90' lang='lat' dir='ltr'><strong>odium</strong></span> <span class='ocrx_word' id='word_1_110' title='bbox 2006 1495 2085 1537; x_wconf 87' lang='lat' dir='ltr'><strong>ha-</strong></span> 
     </span>
     <span class='ocr_line' id='line_1_16' title="bbox 84 1557 2082 1625; baseline -0.001 -12"><span class='ocrx_word' id='word_1_111' title='bbox 84 1571 220 1614; x_wconf 80' lang='lat' dir='ltr'><strong>beant</strong></span> <span class='ocrx_word' id='word_1_112' title='bbox 251 1567 377 1623; x_wconf 75' lang='lat' dir='ltr'><strong>ejus,</strong></span> <span class='ocrx_word' id='word_1_113' title='bbox 409 1568 542 1623; x_wconf 86' lang='lat' dir='ltr'><strong>cujus</strong></span> <span class='ocrx_word' id='word_1_114' title='bbox 577 1567 738 1610; x_wconf 86' lang='lat' dir='ltr'><strong>odium</strong></span> <span class='ocrx_word' id='word_1_115' title='bbox 766 1566 927 1611; x_wconf 88' lang='lat' dir='ltr'><strong>haberi</strong></span> <span class='ocrx_word' id='word_1_116' title='bbox 955 1576 1156 1625; x_wconf 88' lang='lat' dir='ltr'><strong>oportet,</strong></span> <span class='ocrx_word' id='word_1_117' title='bbox 1209 1568 1370 1613; x_wconf 87' lang='lat' dir='ltr'><strong>statim</strong></span> <span class='ocrx_word' id='word_1_118' title='bbox 1419 1569 1470 1612; x_wconf 90' lang='lat' dir='ltr'><strong>ab</strong></span> <span class='ocrx_word' id='word_1_119' title='bbox 1514 1557 1647 1612; x_wconf 82' lang='lat' dir='ltr'><strong>initio</strong></span> <span class='ocrx_word' id='word_1_120' title='bbox 1681 1568 1737 1613; x_wconf 88' lang='lat' dir='ltr'><strong>ad</strong></span> <span class='ocrx_word' id='word_1_121' title='bbox 1762 1568 1933 1622; x_wconf 84' lang='lat' dir='ltr'><strong>finem,</strong></span> <span class='ocrx_word' id='word_1_122' title='bbox 1978 1567 2082 1612; x_wconf 88' lang='lat' dir='ltr'><strong>dili-</strong></span> 
     </span>
     <span class='ocr_line' id='line_1_17' title="bbox 86 1637 2081 1702; baseline -0.001 -15"><span class='ocrx_word' id='word_1_123' title='bbox 86 1649 198 1702; x_wconf 79' lang='lat' dir='ltr'><strong>gant</strong></span> <span class='ocrx_word' id='word_1_124' title='bbox 237 1653 372 1694; x_wconf 86' lang='lat' dir='ltr'><strong>vero,</strong></span> <span class='ocrx_word' id='word_1_125' title='bbox 413 1654 529 1697; x_wconf 83' lang='lat' dir='ltr'><strong>quae</strong></span> <span class='ocrx_word' id='word_1_126' title='bbox 572 1637 706 1700; x_wconf 81' lang='lat' dir='ltr'><strong>diligi</strong></span> <span class='ocrx_word' id='word_1_127' title='bbox 743 1648 919 1698; x_wconf 85' lang='lat' dir='ltr'><strong>oportet</strong></span> <span class='ocrx_word' id='word_1_128' title='bbox 960 1642 1013 1689; x_wconf 61' lang='lat'><strong>4).</strong></span> <span class='ocrx_word' id='word_1_129' title='bbox 1091 1640 1259 1698; x_wconf 81' lang='lat' dir='ltr'><strong>Quodsi</strong></span> <span class='ocrx_word' id='word_1_130' title='bbox 1300 1641 1420 1686; x_wconf 88' lang='lat' dir='ltr'><strong>hanc</strong></span> <span class='ocrx_word' id='word_1_131' title='bbox 1463 1641 1785 1686; x_wconf 85' lang='lat' dir='ltr'><strong>educationem</strong></span> <span class='ocrx_word' id='word_1_132' title='bbox 1818 1650 2081 1699; x_wconf 80' lang='lat' dir='ltr'><strong>separantes</strong></span> 
     </span>
     <span class='ocr_line' id='line_1_18' title="bbox 85 1711 2083 1773; baseline -0.002 -12"><span class='ocrx_word' id='word_1_133' title='bbox 85 1728 254 1761; x_wconf 77' lang='lat' dir='ltr'><strong>verum</strong></span> <span class='ocrx_word' id='word_1_134' title='bbox 285 1711 549 1770; x_wconf 81' lang='lat' dir='ltr'><strong>judicamus</strong></span> <span class='ocrx_word' id='word_1_135' title='bbox 579 1714 787 1768; x_wconf 87' lang='lat' dir='ltr'><strong>cultum,</strong></span> <span class='ocrx_word' id='word_1_136' title='bbox 818 1713 883 1768; x_wconf 87' lang='lat' dir='ltr'><strong>is,</strong></span> <span class='ocrx_word' id='word_1_137' title='bbox 916 1713 996 1772; x_wconf 91' lang='lat' dir='ltr'><strong>qui</strong></span> <span class='ocrx_word' id='word_1_138' title='bbox 1028 1714 1085 1758; x_wconf 90' lang='lat' dir='ltr'><strong>ad</strong></span> <span class='ocrx_word' id='word_1_139' title='bbox 1108 1713 1326 1773; x_wconf 88' lang='lat' dir='ltr'><strong>pecunias</strong></span> <span class='ocrx_word' id='word_1_140' title='bbox 1360 1724 1531 1773; x_wconf 84' lang='lat' dir='ltr'><strong>spectet</strong></span> <span class='ocrx_word' id='word_1_141' title='bbox 1559 1715 1632 1759; x_wconf 83' lang='lat' dir='ltr'><strong>vel</strong></span> <span class='ocrx_word' id='word_1_142' title='bbox 1656 1713 1711 1758; x_wconf 89' lang='lat' dir='ltr'><strong>ad</strong></span> <span class='ocrx_word' id='word_1_143' title='bbox 1731 1714 1874 1757; x_wconf 88' lang='lat' dir='ltr'><strong>robur</strong></span> <span class='ocrx_word' id='word_1_144' title='bbox 1895 1713 2083 1772; x_wconf 82' lang='lat' dir='ltr'><strong>aliquod</strong></span> 
     </span>
     <span class='ocr_line' id='line_1_19' title="bbox 85 1785 2082 1846; baseline -0.002 -13"><span class='ocrx_word' id='word_1_145' title='bbox 85 1787 284 1833; x_wconf 77' lang='lat' dir='ltr'><strong>aliamve</strong></span> <span class='ocrx_word' id='word_1_146' title='bbox 316 1801 456 1844; x_wconf 89' lang='lat' dir='ltr'><strong>quam</strong></span> <span class='ocrx_word' id='word_1_147' title='bbox 489 1786 763 1845; x_wconf 82' lang='lat' dir='ltr'><strong>sapientiam</strong></span> <span class='ocrx_word' id='word_1_148' title='bbox 795 1800 820 1829; x_wconf 87' lang='lat' dir='ltr'><strong>a</strong></span> <span class='ocrx_word' id='word_1_149' title='bbox 850 1785 1029 1832; x_wconf 83' lang='lat' dir='ltr'><strong>ratione</strong></span> <span class='ocrx_word' id='word_1_150' title='bbox 1058 1797 1103 1832; x_wconf 90' lang='lat' dir='ltr'><strong>et</strong></span> <span class='ocrx_word' id='word_1_151' title='bbox 1132 1787 1310 1846; x_wconf 85' lang='lat' dir='ltr'><strong>justitia</strong></span> <span class='ocrx_word' id='word_1_152' title='bbox 1339 1789 1624 1845; x_wconf 85' lang='lat' dir='ltr'><strong>sejunctam,</strong></span> <span class='ocrx_word' id='word_1_153' title='bbox 1667 1786 1879 1832; x_wconf 89' lang='lat' dir='ltr'><strong>sordidus</strong></span> <span class='ocrx_word' id='word_1_154' title='bbox 1911 1796 1957 1831; x_wconf 77' lang='lat' dir='ltr'><strong>et</strong></span> <span class='ocrx_word' id='word_1_155' title='bbox 1988 1786 2082 1837; x_wconf 56' lang='lat' dir='ltr'><strong>illi,</strong></span> 
     </span>
     <span class='ocr_line' id='line_1_20' title="bbox 86 1859 2081 1922; baseline -0.002 -15"><span class='ocrx_word' id='word_1_156' title='bbox 86 1860 256 1907; x_wconf 84' lang='lat' dir='ltr'><strong>beralis</strong></span> <span class='ocrx_word' id='word_1_157' title='bbox 289 1861 408 1915; x_wconf 88' lang='lat' dir='ltr'><strong>erit,</strong></span> <span class='ocrx_word' id='word_1_158' title='bbox 443 1874 531 1905; x_wconf 91' lang='lat' dir='ltr'><strong>nec</strong></span> <span class='ocrx_word' id='word_1_159' title='bbox 561 1859 753 1904; x_wconf 88' lang='lat' dir='ltr'><strong>omnino</strong></span> <span class='ocrx_word' id='word_1_160' title='bbox 786 1859 981 1922; x_wconf 79' lang='lat' dir='ltr'><strong>dignus,</strong></span> <span class='ocrx_word' id='word_1_161' title='bbox 1014 1861 1095 1921; x_wconf 89' lang='lat' dir='ltr'><strong>qui</strong></span> <span class='ocrx_word' id='word_1_162' title='bbox 1122 1862 1272 1907; x_wconf 84' lang='lat' dir='ltr'><strong>cultus</strong></span> <span class='ocrx_word' id='word_1_163' title='bbox 1304 1860 1577 1907; x_wconf 87' lang='lat' dir='ltr'><strong>nominetur</strong></span> <span class='ocrx_word' id='word_1_164' title='bbox 1609 1860 1663 1910; x_wconf 79' lang='lat'><strong>⁵).</strong></span> <span class='ocrx_word' id='word_1_165' title='bbox 1724 1861 1842 1904; x_wconf 88' lang='lat' dir='ltr'><strong>Nam</strong></span> <span class='ocrx_word' id='word_1_166' title='bbox 1877 1860 1981 1905; x_wconf 85' lang='lat' dir='ltr'><strong>fieri</strong></span> <span class='ocrx_word' id='word_1_167' title='bbox 2010 1877 2081 1906; x_wconf 88' lang='lat' dir='ltr'><strong>so·</strong></span> 
     </span>
     <span class='ocr_line' id='line_1_21' title="bbox 83 1932 2079 1994; baseline 0.001 -14"><span class='ocrx_word' id='word_1_168' title='bbox 83 1937 172 1990; x_wconf 90' lang='lat' dir='ltr'><strong>let,</strong></span> <span class='ocrx_word' id='word_1_169' title='bbox 205 1942 257 1978; x_wconf 90' lang='lat' dir='ltr'><strong>ut</strong></span> <span class='ocrx_word' id='word_1_170' title='bbox 287 1932 526 1988; x_wconf 85' lang='lat' dir='ltr'><strong>homines,</strong></span> <span class='ocrx_word' id='word_1_171' title='bbox 554 1933 666 1978; x_wconf 86' lang='lat' dir='ltr'><strong>licet</strong></span> <span class='ocrx_word' id='word_1_172' title='bbox 695 1948 1049 1994; x_wconf 84' lang='lat' dir='ltr'><strong>nonnumquam</strong></span> <span class='ocrx_word' id='word_1_173' title='bbox 1080 1936 1172 1981; x_wconf 87' lang='lat' dir='ltr'><strong>sint</strong></span> <span class='ocrx_word' id='word_1_174' title='bbox 1199 1935 1249 1981; x_wconf 87' lang='lat' dir='ltr'><strong>in</strong></span> <span class='ocrx_word' id='word_1_175' title='bbox 1281 1936 1352 1981; x_wconf 87' lang='lat' dir='ltr'><strong>rei</strong></span> <span class='ocrx_word' id='word_1_176' title='bbox 1380 1934 1628 1994; x_wconf 84' lang='lat' dir='ltr'><strong>cauponiae</strong></span> <span class='ocrx_word' id='word_1_177' title='bbox 1662 1943 1707 1979; x_wconf 82' lang='lat' dir='ltr'><strong>et</strong></span> <span class='ocrx_word' id='word_1_178' title='bbox 1730 1934 1942 1980; x_wconf 88' lang='lat' dir='ltr'><strong>nauticae</strong></span> <span class='ocrx_word' id='word_1_179' title='bbox 1968 1936 2079 1981; x_wconf 82' lang='lat' dir='ltr'><strong>alia·</strong></span> 
     </span>
     <span class='ocr_line' id='line_1_22' title="bbox 83 2006 2081 2075; baseline -0.002 -22"><span class='ocrx_word' id='word_1_180' title='bbox 83 2022 284 2067; x_wconf 88' lang='lat' dir='ltr'><strong>rumque</strong></span> <span class='ocrx_word' id='word_1_181' title='bbox 317 2006 365 2052; x_wconf 90' lang='lat' dir='ltr'><strong>id</strong></span> <span class='ocrx_word' id='word_1_182' title='bbox 393 2021 539 2067; x_wconf 82' lang='lat' dir='ltr'><strong>genus</strong></span> <span class='ocrx_word' id='word_1_183' title='bbox 572 2008 767 2067; x_wconf 77' lang='lat' dir='ltr'><strong>negotiis</strong></span> <span class='ocrx_word' id='word_1_184' title='bbox 799 2007 1051 2056; x_wconf 86' lang='lat' dir='ltr'><strong>admodum</strong></span> <span class='ocrx_word' id='word_1_185' title='bbox 1084 2009 1281 2067; x_wconf 78' lang='lat' dir='ltr'><strong>versati,</strong></span> <span class='ocrx_word' id='word_1_186' title='bbox 1327 2011 1408 2055; x_wconf 83' lang='lat' dir='ltr'><strong>illo</strong></span> <span class='ocrx_word' id='word_1_187' title='bbox 1441 2018 1598 2054; x_wconf 87' lang='lat' dir='ltr'><strong>tamen</strong></span> <span class='ocrx_word' id='word_1_188' title='bbox 1630 2018 1813 2075; x_wconf 81' lang='lat' dir='ltr'><strong>careant</strong></span> <span class='ocrx_word' id='word_1_189' title='bbox 1841 2024 1952 2055; x_wconf 77' lang='lat' dir='ltr'><strong>vero</strong></span> <span class='ocrx_word' id='word_1_190' title='bbox 1983 2012 2081 2055; x_wconf 83' lang='lat' dir='ltr'><strong>cul..</strong></span> 
     </span>
    </p>
   </div>
   <div class='ocr_carea' id='block_1_6' title="bbox 83 2079 251 2130">
    <p class='ocr_par' dir='ltr' id='par_1_8' title="bbox 83 2079 251 2130">
     <span class='ocr_line' id='line_1_23' title="bbox 83 2079 251 2130; baseline 0.006 -3"><span class='ocrx_word' id='word_1_191' title='bbox 83 2093 134 2128; x_wconf 88' lang='lat' dir='ltr'><strong>tu</strong></span> <span class='ocrx_word' id='word_1_192' title='bbox 195 2079 251 2130; x_wconf 75' lang='grc'><strong>6).</strong></span> 
     </span>
    </p>
   </div>
   <div class='ocr_carea' id='block_1_7' title="bbox 130 2258 2082 2564">
    <p class='ocr_par' dir='ltr' id='par_1_9' title="bbox 130 2258 2082 2414">
     <span class='ocr_line' id='line_1_24' title="bbox 131 2258 2082 2320; baseline 0.002 -20"><span class='ocrx_word' id='word_1_193' title='bbox 131 2266 175 2308; x_wconf 80' lang='lat'><strong>2)</strong></span> <span class='ocrx_word' id='word_1_194' title='bbox 228 2262 355 2312; x_wconf 83' lang='lat' dir='ltr'><strong>Legg.</strong></span> <span class='ocrx_word' id='word_1_195' title='bbox 376 2261 458 2320; x_wconf 60' lang='lat' dir='ltr'><strong>lib.</strong></span> <span class='ocrx_word' id='word_1_196' title='bbox 487 2261 521 2297; x_wconf 85' lang='lat'><strong>1.</strong></span> <span class='ocrx_word' id='word_1_197' title='bbox 548 2271 589 2309; x_wconf 86' lang='lat' dir='ltr'><strong>p.</strong></span> <span class='ocrx_word' id='word_1_198' title='bbox 615 2258 702 2300; x_wconf 81' lang='lat'>645.</span> <span class='ocrx_word' id='word_1_199' title='bbox 724 2261 773 2299; x_wconf 77' lang='lat' dir='ltr'><strong>&#39;d.</strong></span> <span class='ocrx_word' id='word_1_200' title='bbox 803 2272 840 2300; x_wconf 87' lang='lat' dir='ltr'><strong>e.</strong></span> <span class='ocrx_word' id='word_1_201' title='bbox 893 2261 966 2299; x_wconf 87' lang='lat' dir='ltr'><strong>Ed.</strong></span> <span class='ocrx_word' id='word_1_202' title='bbox 1009 2262 1234 2310; x_wconf 84' lang='lat' dir='ltr'><strong>Stephani,</strong></span> <span class='ocrx_word' id='word_1_203' title='bbox 1272 2273 1320 2298; x_wconf 81' lang='lat' dir='ltr'><strong>ex</strong></span> <span class='ocrx_word' id='word_1_204' title='bbox 1355 2274 1433 2310; x_wconf 84' lang='lat' dir='ltr'><strong>qua</strong></span> <span class='ocrx_word' id='word_1_205' title='bbox 1467 2272 1607 2298; x_wconf 85' lang='lat' dir='ltr'><strong>omnes</strong></span> <span class='ocrx_word' id='word_1_206' title='bbox 1637 2262 1834 2311; x_wconf 87' lang='lat' dir='ltr'><strong>deinceps</strong></span> <span class='ocrx_word' id='word_1_207' title='bbox 1870 2264 1953 2301; x_wconf 86' lang='lat' dir='ltr'><strong>loci</strong></span> <span class='ocrx_word' id='word_1_208' title='bbox 1982 2272 2082 2303; x_wconf 74' lang='lat' dir='ltr'><strong>sunt</strong></span> 
     </span>
     <span class='ocr_line' id='line_1_25' title="bbox 130 2313 625 2414; baseline -0.002 -15"><span class='ocrx_word' id='word_1_209' title='bbox 130 2361 174 2410; x_wconf 86' lang='lat'><strong>3)</strong></span> <span class='ocrx_word' id='word_1_210' title='bbox 218 2313 558 2414; x_wconf 27' lang='lat'><strong>{35531359-</strong></span> <span class='ocrx_word' id='word_1_211' title='bbox 586 2360 625 2398; x_wconf 82' lang='lat' dir='ltr'><strong>d.</strong></span> 
     </span>
    </p>

    <p class='ocr_par' dir='ltr' id='par_1_10' title="bbox 133 2412 685 2464">
     <span class='ocr_line' id='line_1_26' title="bbox 133 2412 685 2464; baseline -0.002 -15"><span class='ocrx_word' id='word_1_212' title='bbox 133 2412 178 2460; x_wconf 85' lang='lat'><strong>4)</strong></span> <span class='ocrx_word' id='word_1_213' title='bbox 229 2414 359 2464; x_wconf 81' lang='lat' dir='ltr'><strong>Legg.</strong></span> <span class='ocrx_word' id='word_1_214' title='bbox 386 2414 440 2450; x_wconf 86' lang='lat'><strong>11.</strong></span> <span class='ocrx_word' id='word_1_215' title='bbox 465 2412 553 2459; x_wconf 70' lang='lat'><em>653.</em></span> <span class='ocrx_word' id='word_1_216' title='bbox 581 2412 620 2449; x_wconf 91' lang='lat' dir='ltr'><strong>b.</strong></span> <span class='ocrx_word' id='word_1_217' title='bbox 651 2424 685 2449; x_wconf 90' lang='lat' dir='ltr'><strong>c.</strong></span> 
     </span>
    </p>

    <p class='ocr_par' dir='ltr' id='par_1_11' title="bbox 131 2461 618 2513">
     <span class='ocr_line' id='line_1_27' title="bbox 131 2461 618 2513; baseline -0.002 -14"><span class='ocrx_word' id='word_1_218' title='bbox 131 2463 174 2509; x_wconf 71' lang='lat'><strong>5)</strong></span> <span class='ocrx_word' id='word_1_219' title='bbox 226 2464 356 2513; x_wconf 79' lang='lat' dir='ltr'><strong>Legg.</strong></span> <span class='ocrx_word' id='word_1_220' title='bbox 385 2463 418 2499; x_wconf 90' lang='lat'><strong>1.</strong></span> <span class='ocrx_word' id='word_1_221' title='bbox 465 2461 554 2500; x_wconf 69' lang='lat'><strong>644.</strong></span> <span class='ocrx_word' id='word_1_222' title='bbox 581 2474 618 2498; x_wconf 88' lang='lat' dir='ltr'><strong>a.</strong></span> 
     </span>
    </p>

    <p class='ocr_par' dir='ltr' id='par_1_12' title="bbox 133 2511 615 2564">
     <span class='ocr_line' id='line_1_28' title="bbox 133 2511 615 2564; baseline -0.004 -14"><span class='ocrx_word' id='word_1_223' title='bbox 133 2515 174 2559; x_wconf 87' lang='lat'><strong>6)</strong></span> <span class='ocrx_word' id='word_1_224' title='bbox 228 2514 354 2564; x_wconf 79' lang='lat' dir='ltr'><strong>chg.</strong></span> <span class='ocrx_word' id='word_1_225' title='bbox 386 2511 419 2550; x_wconf 86' lang='lat'><strong>1.</strong></span> <span class='ocrx_word' id='word_1_226' title='bbox 464 2512 547 2559; x_wconf 81' lang='lat'><strong>643.</strong></span> <span class='ocrx_word' id='word_1_227' title='bbox 581 2524 615 2549; x_wconf 82' lang='lat' dir='ltr'><strong>e.</strong></span> 
     </span>
    </p>
   </div>
  </div>
 </body>
</html>
