2233 2752
1024 104 1292 146 -9-

167 240 192 268 a
223 238 272 268 se
302 223 402 279 ipsa
431 222 686 265 concitatur
716 221 947 273 (maxime
977 220 1105 263 enim
1137 220 1306 264 mentis
1339 229 1384 264 et
1416 234 1579 264 rerum
1607 220 1921 266 universitatis
1955 224 2152 269 motioni

167 304 358 357 cognata
384 293 498 351 est),
532 310 647 353 quae
675 309 786 340 vero
816 288 1001 338 aliunde
1035 294 1322 347 concitatur,
1357 293 1579 349 deterior;
1613 295 1863 340 deterrima
1893 306 2079 351 autem,
2111 300 2152 342 si

165 371 317 425 jacens
358 378 402 411 et
443 369 644 425 quietem
675 381 812 425 agens
853 380 1018 423 corpus
1051 381 1133 424 per
1165 367 1254 409 alia
1285 365 1600 422 particulatim
1633 376 1857 412 movetur.
1923 368 2151 424 Quocirca

165 442 490 501 purgationum
531 449 577 482 et
614 439 1024 484 confirmationum
1063 440 1265 495 corporis
1310 453 1392 490 ea,
1431 455 1544 494 quae
1583 455 1664 495 per
1694 441 2042 484 exercitationes
2076 443 2150 496 fit,

163 514 338 572 optima
375 508 462 566 ¹⁶),
490 511 686 556 secunda
713 526 822 556 vero
855 502 933 566 ea,
975 526 1088 570 quae
1120 527 1201 569 per
1229 510 1427 570 pensiles
1464 510 1737 569 gestationes
1766 512 1816 555 fit
1845 512 1894 555 in
1928 514 2148 573 navigan-

161 588 215 630 do
259 597 304 630 et
345 599 639 643 quaecunque
672 586 761 627 alia
800 594 992 629 vectura
1021 594 1090 628 est
1120 586 1239 628 haud
1269 583 1521 636 laboriosa;
1553 598 1604 626 ac
1635 584 1770 627 tertia
1798 585 2016 630 motionis
2050 602 2147 644 spe-

162 660 280 714 cies,
322 667 433 703 tunc
474 657 692 712 demum,
733 672 843 702 cum
882 672 1070 703 summa
1109 658 1231 718 cogit
1267 655 1515 702 necessitas
1528 688 1541 710 ‚
1591 655 1840 700 admodum
1870 658 2022 714 utilis,
2056 662 2144 705 alio

163 722 270 777 vero
312 733 437 774 nullo
478 731 612 774 modo
658 731 872 787 prudenti
912 731 1220 785 admittenda,
1265 729 1442 775 sanatio
1483 738 1578 782 est,
1621 745 1733 786 quae
1769 730 1951 773 medica
1982 747 2146 793 purga-

161 806 284 849 tione
326 803 576 861 peragitur.
638 804 788 846 Morbi
828 803 983 858 enim,
1031 805 1122 847 nisi
1162 819 1331 862 magna
1374 802 1617 844 intendunt
1656 803 1885 858 pericula,
1916 820 2009 847 non
2040 818 2147 851 sunt

161 875 375 920 irritandi
417 863 794 930 medicamentis3
837 889 947 919 nam
986 876 1173 934 quaevis
1216 875 1488 918 morborum
1530 875 1793 918 constitutio
1828 875 2144 924 animantium

159 959 350 994 naturae
382 948 719 1005 quodammodo
749 948 920 991 similis
954 957 1032 991 est.
1078 949 1265 991 Etenim
1284 948 1456 990 horum
1488 948 1758 1005 compositio
1791 949 1844 991 ab
1877 949 1975 1005 ipso
2007 967 2142 1010 gene·

159 1022 352 1068 rationis
394 1021 578 1065 exordio
617 1021 753 1065 habet
791 1028 917 1065 certa
948 1021 1071 1066 vitae
1101 1030 1337 1079 tempora,
1370 1029 1464 1064 tam
1497 1035 1639 1078 genus
1674 1021 1969 1077 universum,
2001 1041 2141 1083 quam

158 1097 332 1140 animal
365 1095 571 1152 quodque
603 1108 685 1151 per
715 1109 789 1148 se,
821 1094 965 1151 quod,
999 1109 1144 1152 quum
1185 1095 1237 1137 ab
1270 1094 1589 1138 affectionibus
1621 1095 1891 1139 necessariis
1926 1096 2142 1144 discesse-

158 1170 248 1224 ris,
298 1166 429 1213 fatali
478 1177 608 1211 utens
663 1169 760 1211 vita
820 1167 1040 1213 nascitur.
1131 1168 1305 1212 Eadem
1371 1169 1515 1226 igitur
1580 1171 1697 1209 ratio
1758 1177 1826 1210 est
1868 1172 2141 1217 morborum

158 1240 520 1292 constitutionis,
552 1254 694 1297 quam
728 1239 770 1281 si
801 1239 903 1296 quis
936 1247 1117 1295 praeter
1143 1240 1462 1283 necessitatem
1494 1239 1752 1297 corrumpit
1771 1238 2140 1302 medicamentis,

105 1341 113 1349 ·
159 1315 301 1359 simul
339 1329 364 1357 e
402 1314 553 1370 parvis
595 1311 778 1370 magni,
818 1327 842 1354 e
885 1313 1041 1368 paucis
1087 1313 1223 1355 multi
1265 1312 1459 1355 evadere
1502 1322 1849 1356 consueverunt.
1917 1315 2141 1369 Quocirca

156 1385 432 1445 praescripta
467 1385 616 1428 victus
657 1383 831 1427 ratione
872 1384 1212 1444 corrigendi-et
1250 1382 1535 1444 gubernandi
1590 1393 1699 1428 sunt·
1752 1399 1911 1429 omnes
1959 1389 2140 1447 morbi,

158 1468 381 1518 quantum
427 1458 527 1514 quis
572 1457 657 1499 otii
706 1457 891 1511 habeat;
958 1472 1050 1500 non
1096 1457 1448 1501 medicamentis
1496 1456 1711 1500 adhibitis
1771 1460 1948 1501 malum
1999 1476 2137 1520 grave

155 1541 223 1577 est
266 1529 555 1575 irritandum.
620 1529 692 1573 Ac
731 1529 783 1573 de
826 1529 1068 1575 communi
1111 1529 1294 1587 quidem
1337 1528 1573 1573 anim-ante
1605 1530 1794 1587 ejusque
1824 1541 1949 1587 parte
1981 1549 2138 1593 corpo-

155 1620 261 1658 rea,
302 1602 529 1660 quomodo
571 1602 671 1657 quis
714 1603 972 1661 gubernans
1016 1611 1061 1645 et
1090 1603 1360 1662 gubernatus
1393 1615 1420 1645 a
1451 1616 1498 1645 se
1531 1602 1626 1660 ipse
1659 1602 1828 1646 rationi
1860 1608 2135 1653 convenien-

156 1678 342 1725 tissime*
369 1676 515 1729 vivat,
547 1675 654 1718 satis
684 1675 745 1721 sit
776 1675 971 1722 dictum,

331 1765 431 1820 Ipse
465 1777 573 1806 vero
606 1762 818 1817 animus,
854 1762 932 1820 qui
957 1763 1293 1825 gubernaturus
1328 1766 1418 1818 est',
1452 1756 1600 1822 magis
1634 1764 1733 1808 sine
1766 1764 1903 1809 dubio
1933 1771 2135 1826 etprius

155 1836 490 1895 praeparandus
530 1850 610 1891 pro
645 1836 847 1889 viribus,
882 1845 931 1878 ut
963 1850 1101 1893 quam
1132 1835 1472 1892 pulcherrimus
1500 1842 1560 1879 sit
1592 1845 1636 1878 et
1666 1837 1931 1892 aptissimus
1966 1841 2022 1883 ad
2053 1857 2134 1901 gu..

152 1908 451 1954 bernandum.
517 1905 663 1963 Cujus
703 1916 796 1951 tres
837 1916 987 1965 partes
1029 1908 1257 1952 trifariam
1296 1909 1345 1952 in
1388 1908 1516 1952 nobis
1559 1909 1831 1952 constitutae
1862 1921 1992 1965 sunt,
2027 1930 2135 1971 qua-

155 1995 262 2026 rum
296 1995 409 2039 quae
443 1980 491 2022 in
522 1980 717 2038 segnitia
743 1980 870 2024 vivat
901 1990 946 2024 et
969 1982 1227 2025 motionum
1259 1993 1449 2024 suarum
1483 1980 1684 2038 quietem
1712 1981 1888 2039 capiat,
1917 1998 2023 2029 eam
2048 1987 2136 2031 im-

154 2055 437 2099 becillimam
468 2054 723 2095 necessario
770 2056 987 2097 exsistere
1031 2069 1110 2097 nos
1152 2068 1238 2096 non
1281 2054 1450 2112 fugiet3
1493 2054 1706 2109 quocirca
1750 2055 2010 2099 curandum
2044 2069 2137 2114 est,

157 2137 208 2171 ut
237 2129 463 2169 motiones
494 2124 689 2168 habeant
718 2125 840 2168 inter
868 2141 915 2169 se
948 2135 1247 2187 congruentes
1279 2141 1360 2183 pro
1395 2116 1615 2182 cujusque
1643 2134 1838 2171 natura.»
1889 2129 2016 2185 Quod
2045 2137 2137 2189 prj-

156 2214 288 2244 mum
307 2200 468 2242 attinet.
486 2195 540 2239 a'd
559 2206 733 2254 partem
755 2199 1078 2254 cupiditatibus
1103 2199 1299 2242 deditam
1330 2200 1390 2247 (τό
1409 2200 1704 2253 ἐπιθυμητικόν),
1732 2214 1785 2242 ea
1805 2204 2029 2248 servanda
2053 2216 2138 2263 est,

156 2290 212 2318 ne
232 2273 419 2330 impleta
438 2286 572 2328 corpo
581 2270 657 2324 ris,
681 2284 792 2327 quae
804 2270 1037 2328 dicuntur,
1051 2272 1352 2329 voluptatibus
1366 2272 1607 2329 amplaque
1619 2287 1671 2316 ac
1682 2272 1835 2316 valida
1849 2275 2025 2321 reddita
2039 2268 2137 2333 1·an

158 2363 248 2390 non
271 2359 405 2391 suam
424 2358 525 2387 rem
544 2353 695 2404 gerat,
717 2354 849 2402 atque
872 2346 1096 2405 cogenda,
1120 2344 1287 2390 rationi
1301 2348 1372 2395 (τῷ
1395 2349 1623 2399 λογιστικῷ),
1648 2347 1813 2404 quippe
1826 2362 1941 2407 quae
1956 2351 2137 2409 sapiens

185 2495 248 2543 16)
305 2488 489 2544 Sophist.
514 2492 601 2532 2'26.
628 2505 664 2533 e.
