<?xml version="1.0" encoding="UTF-8"?>
<!DOCTYPE html PUBLIC "-//W3C//DTD XHTML 1.0 Transitional//EN"
    "http://www.w3.org/TR/xhtml1/DTD/xhtml1-transitional.dtd">
<html xmlns="http://www.w3.org/1999/xhtml" xml:lang="en" lang="en">
 <head>
  <title>
</title>
<meta http-equiv="Content-Type" content="text/html;charset=utf-8" />
  <meta name='ocr-system' content='tesseract 3.04.00' />
  <meta name='ocr-capabilities' content='ocr_page ocr_carea ocr_par ocr_line ocrx_word'/>
</head>
<body>
  <div class='ocr_page' id='page_1' title='image "./4626728_0020.png"; bbox 0 0 2233 2752; ppageno 0'>
   <div class='ocr_carea' id='block_1_1' title="bbox 973 59 1267 102">
    <p class='ocr_par' dir='ltr' id='par_1_1' title="bbox 973 59 1267 102">
     <span class='ocr_line' id='line_1_1' title="bbox 973 59 1267 102; baseline 0 -14"><span class='ocrx_word' id='word_1_1' title='bbox 973 59 1267 102; x_wconf 67' lang='grc'>...13-</span> 
     </span>
    </p>
   </div>
   <div class='ocr_carea' id='block_1_2' title="bbox 67 173 2121 1761">
    <p class='ocr_par' dir='ltr' id='par_1_2' title="bbox 67 173 2121 1761">
     <span class='ocr_line' id='line_1_2' title="bbox 120 173 2121 235; baseline -0.003 -13"><span class='ocrx_word' id='word_1_2' title='bbox 120 178 200 228; x_wconf 79' lang='lat' dir='ltr'><strong>sed</strong></span> <span class='ocrx_word' id='word_1_3' title='bbox 240 176 464 235; x_wconf 84' lang='lat' dir='ltr'>aequabili</span> <span class='ocrx_word' id='word_1_4' title='bbox 494 192 605 223; x_wconf 85' lang='lat' dir='ltr'><strong>cura</strong></span> <span class='ocrx_word' id='word_1_5' title='bbox 637 189 747 220; x_wconf 89' lang='lat' dir='ltr'><strong>cum</strong></span> <span class='ocrx_word' id='word_1_6' title='bbox 791 190 844 223; x_wconf 79' lang='lat' dir='ltr'><strong>ea</strong></span> <span class='ocrx_word' id='word_1_7' title='bbox 883 173 1193 217; x_wconf 83' lang='lat' dir='ltr'><strong>exercendum</strong></span> <span class='ocrx_word' id='word_1_8' title='bbox 1224 174 1322 230; x_wconf 84' lang='lat' dir='ltr'><strong>J&#39;am</strong></span> <span class='ocrx_word' id='word_1_9' title='bbox 1351 173 1625 226; x_wconf 80' lang='lat' dir='ltr'><strong>statuimus,</strong></span> <span class='ocrx_word' id='word_1_10' title='bbox 1670 183 1856 228; x_wconf 85' lang='lat' dir='ltr'><strong>tamen,</strong></span> <span class='ocrx_word' id='word_1_11' title='bbox 1900 175 2121 232; x_wconf 86' lang='lat' dir='ltr'><strong>quoniam</strong></span> 
     </span>
     <span class='ocr_line' id='line_1_3' title="bbox 115 246 2120 308; baseline -0.001 -15"><span class='ocrx_word' id='word_1_12' title='bbox 115 251 431 308; x_wconf 82' lang='lat' dir='ltr'><strong>gymnasticae</strong></span> <span class='ocrx_word' id='word_1_13' title='bbox 455 249 623 295; x_wconf 83' lang='lat' dir='ltr'><strong>studia</strong></span> <span class='ocrx_word' id='word_1_14' title='bbox 655 248 775 306; x_wconf 82' lang='lat' dir='ltr'><strong>apud</strong></span> <span class='ocrx_word' id='word_1_15' title='bbox 817 256 996 292; x_wconf 85' lang='lat' dir='ltr'><strong>nostros</strong></span> <span class='ocrx_word' id='word_1_16' title='bbox 1040 246 1245 291; x_wconf 84' lang='lat' dir='ltr'><strong>musicae</strong></span> <span class='ocrx_word' id='word_1_17' title='bbox 1277 261 1516 304; x_wconf 80' lang='lat' dir='ltr'><strong>nunquam</strong></span> <span class='ocrx_word' id='word_1_18' title='bbox 1549 262 1641 290; x_wconf 91' lang='lat' dir='ltr'><strong>non</strong></span> <span class='ocrx_word' id='word_1_19' title='bbox 1673 248 1819 291; x_wconf 81' lang='lat' dir='ltr'><strong>solent</strong></span> <span class='ocrx_word' id='word_1_20' title='bbox 1873 263 2120 305; x_wconf 85' lang='lat' dir='ltr'><strong>superare,</strong></span> 
     </span>
     <span class='ocr_line' id='line_1_4' title="bbox 117 308 2120 379; baseline -0.001 -14"><span class='ocrx_word' id='word_1_21' title='bbox 117 330 251 379; x_wconf 82' lang='lat' dir='ltr'><strong>atque</strong></span> <span class='ocrx_word' id='word_1_22' title='bbox 282 322 402 365; x_wconf 86' lang='lat' dir='ltr'><strong>hanc</strong></span> <span class='ocrx_word' id='word_1_23' title='bbox 436 322 489 364; x_wconf 88' lang='lat' dir='ltr'><strong>ob</strong></span> <span class='ocrx_word' id='word_1_24' title='bbox 524 308 713 364; x_wconf 87' lang='lat' dir='ltr'><strong>causam</strong></span> <span class='ocrx_word' id='word_1_25' title='bbox 747 335 826 373; x_wconf 90' lang='lat' dir='ltr'><strong>ea,</strong></span> <span class='ocrx_word' id='word_1_26' title='bbox 859 332 974 377; x_wconf 88' lang='lat' dir='ltr'><strong>quae</strong></span> <span class='ocrx_word' id='word_1_27' title='bbox 1008 318 1143 361; x_wconf 90' lang='lat' dir='ltr'><strong>modo</strong></span> <span class='ocrx_word' id='word_1_28' title='bbox 1179 319 1232 361; x_wconf 88' lang='lat' dir='ltr'><strong>de</strong></span> <span class='ocrx_word' id='word_1_29' title='bbox 1265 318 1533 362; x_wconf 82' lang='lat' dir='ltr'><strong>educatione</strong></span> <span class='ocrx_word' id='word_1_30' title='bbox 1562 328 1607 361; x_wconf 85' lang='lat' dir='ltr'><strong>et</strong></span> <span class='ocrx_word' id='word_1_31' title='bbox 1638 320 1870 363; x_wconf 84' lang='lat' dir='ltr'><strong>sensimus</strong></span> <span class='ocrx_word' id='word_1_32' title='bbox 1904 328 1950 363; x_wconf 89' lang='lat' dir='ltr'><strong>et</strong></span> <span class='ocrx_word' id='word_1_33' title='bbox 1986 333 2120 377; x_wconf 81' lang='lat' dir='ltr'><strong>prae·</strong></span> 
     </span>
     <span class='ocr_line' id='line_1_5' title="bbox 118 377 2120 457; baseline -0.001 -18"><span class='ocrx_word' id='word_1_34' title='bbox 118 395 357 452; x_wconf 86' lang='lat' dir='ltr'><strong>cepimus,</strong></span> <span class='ocrx_word' id='word_1_35' title='bbox 392 393 448 438; x_wconf 85' lang='lat' dir='ltr'><strong>ad</strong></span> <span class='ocrx_word' id='word_1_36' title='bbox 479 392 847 451; x_wconf 87' lang='lat' dir='ltr'><strong>persequendum</strong></span> <span class='ocrx_word' id='word_1_37' title='bbox 881 408 934 437; x_wconf 85' lang='lat' dir='ltr'><strong>ac</strong></span> <span class='ocrx_word' id='word_1_38' title='bbox 966 391 1257 436; x_wconf 85' lang='lat' dir='ltr'><strong>tractandum</strong></span> <span class='ocrx_word' id='word_1_39' title='bbox 1289 399 1397 436; x_wconf 85' lang='lat' dir='ltr'><strong>sunt</strong></span> <span class='ocrx_word' id='word_1_40' title='bbox 1438 391 1700 436; x_wconf 85' lang='lat' dir='ltr'><strong>difficiliora</strong></span> <span class='ocrx_word' id='word_1_41' title='bbox 1735 391 1798 444; x_wconf 80' lang='lat'><strong>50)</strong></span> <span class='ocrx_word' id='word_1_42' title='bbox 1831 377 1886 457; x_wconf 75' lang='lat'><strong>),</strong></span> <span class='ocrx_word' id='word_1_43' title='bbox 1921 393 1970 437; x_wconf 89' lang='lat' dir='ltr'><strong>id</strong></span> <span class='ocrx_word' id='word_1_44' title='bbox 1990 393 2120 437; x_wconf 91' lang='lat' dir='ltr'><strong>nobis</strong></span> 
     </span>
     <span class='ocr_line' id='line_1_6' title="bbox 118 463 2116 524; baseline -0.002 -13"><span class='ocrx_word' id='word_1_45' title='bbox 118 466 403 512; x_wconf 85' lang='lat' dir='ltr'><strong>servandum</strong></span> <span class='ocrx_word' id='word_1_46' title='bbox 437 465 649 521; x_wconf 82' lang='lat' dir='ltr'><strong>videtur,</strong></span> <span class='ocrx_word' id='word_1_47' title='bbox 691 464 839 523; x_wconf 89' lang='lat' dir='ltr'><strong>quod</strong></span> <span class='ocrx_word' id='word_1_48' title='bbox 870 479 982 508; x_wconf 89' lang='lat' dir='ltr'><strong>non</strong></span> <span class='ocrx_word' id='word_1_49' title='bbox 1018 479 1226 522; x_wconf 90' lang='lat' dir='ltr'><strong>corpus</strong></span> <span class='ocrx_word' id='word_1_50' title='bbox 1258 471 1421 507; x_wconf 89' lang='lat' dir='ltr'><strong>recte</strong></span> <span class='ocrx_word' id='word_1_51' title='bbox 1459 463 1754 508; x_wconf 85' lang='lat' dir='ltr'><strong>affectum</strong></span> <span class='ocrx_word' id='word_1_52' title='bbox 1787 481 1889 510; x_wconf 89' lang='lat' dir='ltr'><strong>sua</strong></span> <span class='ocrx_word' id='word_1_53' title='bbox 1920 467 2116 524; x_wconf 86' lang='lat' dir='ltr'><strong>ipsum</strong></span> 
     </span>
     <span class='ocr_line' id='line_1_7' title="bbox 117 534 2116 593; baseline -0.002 -8"><span class='ocrx_word' id='word_1_54' title='bbox 117 541 350 585; x_wconf 84' lang='lat' dir='ltr'><strong>virtute</strong></span> <span class='ocrx_word' id='word_1_55' title='bbox 400 534 658 582; x_wconf 84' lang='lat' dir='ltr'><strong>animum</strong></span> <span class='ocrx_word' id='word_1_56' title='bbox 706 539 920 582; x_wconf 91' lang='lat' dir='ltr'><strong>bonum</strong></span> <span class='ocrx_word' id='word_1_57' title='bbox 973 539 1196 593; x_wconf 86' lang='lat' dir='ltr'><strong>efficit,</strong></span> <span class='ocrx_word' id='word_1_58' title='bbox 1252 537 1353 582; x_wconf 89' lang='lat' dir='ltr'><strong>sed</strong></span> <span class='ocrx_word' id='word_1_59' title='bbox 1398 547 1612 581; x_wconf 88' lang='lat' dir='ltr'><strong>con-tra</strong></span> <span class='ocrx_word' id='word_1_60' title='bbox 1663 542 1897 583; x_wconf 88' lang='lat' dir='ltr'><strong>animus</strong></span> <span class='ocrx_word' id='word_1_61' title='bbox 1933 540 2116 582; x_wconf 90' lang='lat' dir='ltr'><strong>bonus</strong></span> 
     </span>
     <span class='ocr_line' id='line_1_8' title="bbox 117 611 2117 669; baseline -0.002 -12"><span class='ocrx_word' id='word_1_62' title='bbox 117 627 217 657; x_wconf 90' lang='lat' dir='ltr'><strong>sua</strong></span> <span class='ocrx_word' id='word_1_63' title='bbox 249 611 373 668; x_wconf 91' lang='lat' dir='ltr'><strong>ipse</strong></span> <span class='ocrx_word' id='word_1_64' title='bbox 405 611 634 655; x_wconf 86' lang='lat' dir='ltr'><strong>virtute</strong></span> <span class='ocrx_word' id='word_1_65' title='bbox 663 625 875 669; x_wconf 88' lang='lat' dir='ltr'><strong>corpus</strong></span> <span class='ocrx_word' id='word_1_66' title='bbox 903 611 1106 654; x_wconf 82' lang='lat' dir='ltr'><strong>reddit</strong></span> <span class='ocrx_word' id='word_1_67' title='bbox 1137 624 1307 668; x_wconf 85' lang='lat' dir='ltr'><strong>quam</strong></span> <span class='ocrx_word' id='word_1_68' title='bbox 1339 618 1537 667; x_wconf 90' lang='lat' dir='ltr'><strong>potest</strong></span> <span class='ocrx_word' id='word_1_69' title='bbox 1566 612 1859 667; x_wconf 88' lang='lat' dir='ltr'><strong>optimum</strong></span> <span class='ocrx_word' id='word_1_70' title='bbox 1879 613 1951 659; x_wconf 78' lang='lat'><strong>3¹).</strong></span> <span class='ocrx_word' id='word_1_71' title='bbox 2018 612 2117 666; x_wconf 85' lang='lat' dir='ltr'><strong>Qua</strong></span> 
     </span>
     <span class='ocr_line' id='line_1_9' title="bbox 116 683 2116 741; baseline -0.001 -12"><span class='ocrx_word' id='word_1_72' title='bbox 116 685 213 730; x_wconf 83' lang='lat' dir='ltr'><strong>fere</strong></span> <span class='ocrx_word' id='word_1_73' title='bbox 245 687 476 728; x_wconf 89' lang='lat' dir='ltr'><strong>sententia</strong></span> <span class='ocrx_word' id='word_1_74' title='bbox 514 692 638 727; x_wconf 88' lang='lat' dir='ltr'><strong>recte</strong></span> <span class='ocrx_word' id='word_1_75' title='bbox 668 699 846 741; x_wconf 87' lang='lat' dir='ltr'><strong>quoque</strong></span> <span class='ocrx_word' id='word_1_76' title='bbox 879 683 1133 728; x_wconf 84' lang='lat' dir='ltr'><strong>dixerimus</strong></span> <span class='ocrx_word' id='word_1_77' title='bbox 1167 683 1381 727; x_wconf 86' lang='lat' dir='ltr'><strong>animum</strong></span> <span class='ocrx_word' id='word_1_78' title='bbox 1413 683 1543 726; x_wconf 90' lang='lat' dir='ltr'><strong>nobis</strong></span> <span class='ocrx_word' id='word_1_79' title='bbox 1577 683 1788 741; x_wconf 80' lang='lat' dir='ltr'><strong>priorem</strong></span> <span class='ocrx_word' id='word_1_80' title='bbox 1823 699 2013 741; x_wconf 85' lang='lat' dir='ltr'><strong>corpore</strong></span> <span class='ocrx_word' id='word_1_81' title='bbox 2047 698 2116 727; x_wconf 86' lang='lat' dir='ltr'><strong>es·</strong></span> 
     </span>
     <span class='ocr_line' id='line_1_10' title="bbox 117 755 2116 813; baseline -0.002 -12"><span class='ocrx_word' id='word_1_82' title='bbox 117 771 193 811; x_wconf 88' lang='lat' dir='ltr'><strong>se,</strong></span> <span class='ocrx_word' id='word_1_83' title='bbox 226 764 271 800; x_wconf 86' lang='lat' dir='ltr'><strong>et</strong></span> <span class='ocrx_word' id='word_1_84' title='bbox 300 770 463 813; x_wconf 89' lang='lat' dir='ltr'><strong>corpus</strong></span> <span class='ocrx_word' id='word_1_85' title='bbox 494 755 748 799; x_wconf 90' lang='lat' dir='ltr'><strong>secundum</strong></span> <span class='ocrx_word' id='word_1_86' title='bbox 777 756 1095 813; x_wconf 84' lang='lat' dir='ltr'><strong>posteriusque</strong></span> <span class='ocrx_word' id='word_1_87' title='bbox 1125 757 1307 808; x_wconf 88' lang='lat' dir='ltr'><strong>animo,</strong></span> <span class='ocrx_word' id='word_1_88' title='bbox 1351 755 1431 812; x_wconf 87' lang='lat' dir='ltr'><strong>qui</strong></span> <span class='ocrx_word' id='word_1_89' title='bbox 1463 755 1550 799; x_wconf 87' lang='lat' dir='ltr'><strong>hoc</strong></span> <span class='ocrx_word' id='word_1_90' title='bbox 1594 756 1791 812; x_wconf 87' lang='lat' dir='ltr'><strong>imperio</strong></span> <span class='ocrx_word' id='word_1_91' title='bbox 1838 771 1920 800; x_wconf 91' lang='lat' dir='ltr'><strong>suo</strong></span> <span class='ocrx_word' id='word_1_92' title='bbox 1953 757 2116 811; x_wconf 81' lang='lat' dir='ltr'><strong>&#39;subje-</strong></span> 
     </span>
     <span class='ocr_line' id='line_1_11' title="bbox 117 825 2115 887; baseline -0.002 -13"><span class='ocrx_word' id='word_1_93' title='bbox 117 840 248 874; x_wconf 90' lang='lat' dir='ltr'><strong>ctum</strong></span> <span class='ocrx_word' id='word_1_94' title='bbox 279 837 408 887; x_wconf 82' lang='lat' dir='ltr'><strong>regat</strong></span> <span class='ocrx_word' id='word_1_95' title='bbox 440 825 534 881; x_wconf 76' lang='lat'><strong>52)·,</strong></span> <span class='ocrx_word' id='word_1_96' title='bbox 565 844 711 885; x_wconf 88' lang='lat' dir='ltr'><strong>neque</strong></span> <span class='ocrx_word' id='word_1_97' title='bbox 745 828 893 872; x_wconf 91' lang='lat' dir='ltr'><strong>animi</strong></span> <span class='ocrx_word' id='word_1_98' title='bbox 921 828 1058 871; x_wconf 92' lang='lat' dir='ltr'><strong>modo</strong></span> <span class='ocrx_word' id='word_1_99' title='bbox 1090 828 1311 880; x_wconf 87' lang='lat' dir='ltr'><strong>virtutes,</strong></span> <span class='ocrx_word' id='word_1_100' title='bbox 1344 829 1727 884; x_wconf 80' lang='lat' dir='ltr'><strong>temperantiam,</strong></span> <span class='ocrx_word' id='word_1_101' title='bbox 1760 829 2014 884; x_wconf 82' lang='lat' dir='ltr'><strong>justitiam,</strong></span> <span class='ocrx_word' id='word_1_102' title='bbox 2045 843 2115 871; x_wconf 88' lang='lat' dir='ltr'><strong>sa·</strong></span> 
     </span>
     <span class='ocr_line' id='line_1_12' title="bbox 115 899 2111 961; baseline -0.002 -15"><span class='ocrx_word' id='word_1_103' title='bbox 115 901 366 961; x_wconf 85' lang='lat' dir='ltr'><strong>pientiam,</strong></span> <span class='ocrx_word' id='word_1_104' title='bbox 399 907 564 957; x_wconf 89' lang='lat' dir='ltr'><strong>quanto</strong></span> <span class='ocrx_word' id='word_1_105' title='bbox 597 899 693 957; x_wconf 85' lang='lat' dir='ltr'><strong>ipse</strong></span> <span class='ocrx_word' id='word_1_106' title='bbox 727 915 916 958; x_wconf 88' lang='lat' dir='ltr'><strong>corpore</strong></span> <span class='ocrx_word' id='word_1_107' title='bbox 945 901 1006 943; x_wconf 88' lang='lat' dir='ltr'><strong>sit</strong></span> <span class='ocrx_word' id='word_1_108' title='bbox 1037 899 1385 957; x_wconf 82' lang='lat' dir='ltr'><strong>praestabilior,</strong></span> <span class='ocrx_word' id='word_1_109' title='bbox 1419 907 1543 942; x_wconf 87' lang='lat' dir='ltr'><strong>tanto</strong></span> <span class='ocrx_word' id='word_1_110' title='bbox 1573 899 1804 959; x_wconf 84' lang='lat' dir='ltr'><strong>digniores</strong></span> <span class='ocrx_word' id='word_1_111' title='bbox 1837 915 1962 955; x_wconf 83' lang='lat' dir='ltr'><strong>esse,</strong></span> <span class='ocrx_word' id='word_1_112' title='bbox 1996 914 2111 957; x_wconf 85' lang='lat' dir='ltr'><strong>quae</strong></span> 
     </span>
     <span class='ocr_line' id='line_1_13' title="bbox 113 972 2114 1031; baseline -0.003 -11"><span class='ocrx_word' id='word_1_113' title='bbox 113 972 488 1031; x_wconf 78' lang='lat' dir='ltr'><strong>hujus&#39;habitui,</strong></span> <span class='ocrx_word' id='word_1_114' title='bbox 530 972 684 1016; x_wconf 85' lang='lat' dir='ltr'><strong>robori</strong></span> <span class='ocrx_word' id='word_1_115' title='bbox 719 981 764 1016; x_wconf 87' lang='lat' dir='ltr'><strong>et</strong></span> <span class='ocrx_word' id='word_1_116' title='bbox 798 973 1133 1031; x_wconf 85' lang='lat' dir='ltr'><strong>pulchritudini</strong></span> <span class='ocrx_word' id='word_1_117' title='bbox 1167 986 1277 1016; x_wconf 91' lang='lat' dir='ltr'><strong>cum</strong></span> <span class='ocrx_word' id='word_1_118' title='bbox 1310 972 1531 1027; x_wconf 83' lang='lat' dir='ltr'><strong>sanitate,</strong></span> <span class='ocrx_word' id='word_1_119' title='bbox 1560 982 1923 1031; x_wconf 82' lang='lat' dir='ltr'><strong>anteponantur,</strong></span> <span class='ocrx_word' id='word_1_120' title='bbox 1953 973 2033 1017; x_wconf 91' lang='lat' dir='ltr'><strong>sed</strong></span> <span class='ocrx_word' id='word_1_121' title='bbox 2064 972 2114 1015; x_wconf 91' lang='lat' dir='ltr'><strong>in</strong></span> 
     </span>
     <span class='ocr_line' id='line_1_14' title="bbox 116 1039 2114 1104; baseline -0.002 -12"><span class='ocrx_word' id='word_1_122' title='bbox 116 1039 389 1092; x_wconf 86' lang='lat' dir='ltr'><strong>universum</strong></span> <span class='ocrx_word' id='word_1_123' title='bbox 421 1045 562 1089; x_wconf 89' lang='lat' dir='ltr'><strong>etiam</strong></span> <span class='ocrx_word' id='word_1_124' title='bbox 592 1060 760 1104; x_wconf 83' lang='lat' dir='ltr'><strong>genera</strong></span> <span class='ocrx_word' id='word_1_125' title='bbox 793 1045 850 1088; x_wconf 88' lang='lat' dir='ltr'><strong>ad</strong></span> <span class='ocrx_word' id='word_1_126' title='bbox 882 1046 1030 1090; x_wconf 86' lang='lat' dir='ltr'><strong>animi</strong></span> <span class='ocrx_word' id='word_1_127' title='bbox 1057 1061 1219 1090; x_wconf 87' lang='lat' dir='ltr'><strong>curam</strong></span> <span class='ocrx_word' id='word_1_128' title='bbox 1262 1045 1540 1102; x_wconf 87' lang='lat' dir='ltr'><strong>spectantia,</strong></span> <span class='ocrx_word' id='word_1_129' title='bbox 1584 1061 1672 1102; x_wconf 87' lang='lat' dir='ltr'><strong>quo</strong></span> <span class='ocrx_word' id='word_1_130' title='bbox 1714 1048 1945 1102; x_wconf 80' lang='lat' dir='ltr'><strong>majorem</strong></span> <span class='ocrx_word' id='word_1_131' title='bbox 1977 1046 2114 1089; x_wconf 83' lang='lat' dir='ltr'><strong>habe-</strong></span> 
     </span>
     <span class='ocr_line' id='line_1_15' title="bbox 118 1117 2112 1178; baseline -0.003 -12"><span class='ocrx_word' id='word_1_132' title='bbox 118 1129 197 1166; x_wconf 82' lang='lat' dir='ltr'><strong>ant</strong></span> <span class='ocrx_word' id='word_1_133' title='bbox 220 1119 463 1164; x_wconf 84' lang='lat' dir='ltr'><strong>veritatem</strong></span> <span class='ocrx_word' id='word_1_134' title='bbox 496 1127 629 1176; x_wconf 90' lang='lat' dir='ltr'><strong>atque</strong></span> <span class='ocrx_word' id='word_1_135' title='bbox 656 1119 783 1174; x_wconf 84' lang='lat' dir='ltr'><strong>vim,</strong></span> <span class='ocrx_word' id='word_1_136' title='bbox 814 1134 866 1161; x_wconf 90' lang='lat' dir='ltr'><strong>eo</strong></span> <span class='ocrx_word' id='word_1_137' title='bbox 898 1119 1072 1177; x_wconf 88' lang='lat' dir='ltr'><strong>pluris,</strong></span> <span class='ocrx_word' id='word_1_138' title='bbox 1103 1131 1240 1176; x_wconf 89' lang='lat' dir='ltr'><strong>quam</strong></span> <span class='ocrx_word' id='word_1_139' title='bbox 1265 1131 1433 1178; x_wconf 82' lang='lat' dir='ltr'><strong>genera</strong></span> <span class='ocrx_word' id='word_1_140' title='bbox 1460 1117 1517 1161; x_wconf 86' lang='lat' dir='ltr'><strong>ad</strong></span> <span class='ocrx_word' id='word_1_141' title='bbox 1547 1133 1709 1176; x_wconf 89' lang='lat' dir='ltr'><strong>corpus</strong></span> <span class='ocrx_word' id='word_1_142' title='bbox 1743 1119 1988 1163; x_wconf 88' lang='lat' dir='ltr'><strong>colendum</strong></span> <span class='ocrx_word' id='word_1_143' title='bbox 2010 1134 2112 1177; x_wconf 83' lang='lat' dir='ltr'><strong>per·-</strong></span> 
     </span>
     <span class='ocr_line' id='line_1_16' title="bbox 67 1191 2113 1248; baseline -0.001 -11"><span class='ocrx_word' id='word_1_144' title='bbox 67 1193 70 1196; x_wconf 77' lang='grc'><strong>’</strong></span> <span class='ocrx_word' id='word_1_145' title='bbox 115 1193 338 1246; x_wconf 84' lang='lat' dir='ltr'><strong>tinentia,</strong></span> <span class='ocrx_word' id='word_1_146' title='bbox 370 1192 577 1235; x_wconf 91' lang='lat' dir='ltr'><strong>ducenda</strong></span> <span class='ocrx_word' id='word_1_147' title='bbox 610 1206 724 1235; x_wconf 90' lang='lat' dir='ltr'><strong>esse.</strong></span> <span class='ocrx_word' id='word_1_148' title='bbox 787 1191 936 1246; x_wconf 87' lang='lat' dir='ltr'><strong>Quam</strong></span> <span class='ocrx_word' id='word_1_149' title='bbox 967 1192 1021 1235; x_wconf 89' lang='lat' dir='ltr'><strong>ob</strong></span> <span class='ocrx_word' id='word_1_150' title='bbox 1056 1206 1241 1235; x_wconf 90' lang='lat' dir='ltr'><strong>causam</strong></span> <span class='ocrx_word' id='word_1_151' title='bbox 1270 1191 1337 1243; x_wconf 89' lang='lat' dir='ltr'><strong>is,</strong></span> <span class='ocrx_word' id='word_1_152' title='bbox 1384 1192 1464 1248; x_wconf 81' lang='lat' dir='ltr'><strong>qui</strong></span> <span class='ocrx_word' id='word_1_153' title='bbox 1494 1193 1638 1248; x_wconf 88' lang='lat' dir='ltr'><strong>sapit,</strong></span> <span class='ocrx_word' id='word_1_154' title='bbox 1679 1193 1743 1235; x_wconf 82' lang='lat' dir='ltr'><strong>ita</strong></span> <span class='ocrx_word' id='word_1_155' title='bbox 1783 1193 1934 1247; x_wconf 85' lang='lat' dir='ltr'><strong>vivet,</strong></span> <span class='ocrx_word' id='word_1_156' title='bbox 1981 1203 2032 1235; x_wconf 94' lang='lat' dir='ltr'><strong>ut</strong></span> <span class='ocrx_word' id='word_1_157' title='bbox 2067 1208 2113 1235; x_wconf 88' lang='lat' dir='ltr'><strong>o-</strong></span> 
     </span>
     <span class='ocr_line' id='line_1_17' title="bbox 119 1261 2113 1323; baseline -0.001 -14"><span class='ocrx_word' id='word_1_158' title='bbox 119 1264 250 1309; x_wconf 88' lang='lat' dir='ltr'><strong>mnia</strong></span> <span class='ocrx_word' id='word_1_159' title='bbox 283 1277 364 1309; x_wconf 88' lang='lat' dir='ltr'><strong>sua</strong></span> <span class='ocrx_word' id='word_1_160' title='bbox 399 1263 455 1308; x_wconf 88' lang='lat' dir='ltr'><strong>ad</strong></span> <span class='ocrx_word' id='word_1_161' title='bbox 487 1261 575 1308; x_wconf 91' lang='lat' dir='ltr'><strong>hoc</strong></span> <span class='ocrx_word' id='word_1_162' title='bbox 609 1262 804 1323; x_wconf 84' lang='lat' dir='ltr'><strong>dirigat,</strong></span> <span class='ocrx_word' id='word_1_163' title='bbox 839 1261 886 1307; x_wconf 87' lang='lat' dir='ltr'><strong>in</strong></span> <span class='ocrx_word' id='word_1_164' title='bbox 910 1262 1077 1321; x_wconf 88' lang='lat' dir='ltr'><strong>primis</strong></span> <span class='ocrx_word' id='word_1_165' title='bbox 1101 1262 1391 1321; x_wconf 87' lang='lat' dir='ltr'><strong>disciplinas,</strong></span> <span class='ocrx_word' id='word_1_166' title='bbox 1425 1278 1539 1321; x_wconf 86' lang='lat' dir='ltr'><strong>quae</strong></span> <span class='ocrx_word' id='word_1_167' title='bbox 1570 1265 1712 1308; x_wconf 88' lang='lat' dir='ltr'><strong>talem</strong></span> <span class='ocrx_word' id='word_1_168' title='bbox 1732 1265 1875 1323; x_wconf 90' lang='lat' dir='ltr'><strong>ipsius</strong></span> <span class='ocrx_word' id='word_1_169' title='bbox 1900 1266 2113 1309; x_wconf 88' lang='lat' dir='ltr'><strong>animum</strong></span> 
     </span>
     <span class='ocr_line' id='line_1_18' title="bbox 115 1335 2112 1393; baseline -0.002 -10"><span class='ocrx_word' id='word_1_170' title='bbox 115 1339 359 1389; x_wconf 82' lang='lat' dir='ltr'><strong>effecturae</strong></span> <span class='ocrx_word' id='word_1_171' title='bbox 390 1336 512 1390; x_wconf 91' lang='lat' dir='ltr'><strong>sint,</strong></span> <span class='ocrx_word' id='word_1_172' title='bbox 544 1336 593 1378; x_wconf 90' lang='lat' dir='ltr'><strong>in</strong></span> <span class='ocrx_word' id='word_1_173' title='bbox 625 1336 799 1379; x_wconf 85' lang='lat' dir='ltr'><strong>honore</strong></span> <span class='ocrx_word' id='word_1_174' title='bbox 831 1335 1035 1389; x_wconf 88' lang='lat' dir='ltr'><strong>habens,</strong></span> <span class='ocrx_word' id='word_1_175' title='bbox 1078 1344 1251 1379; x_wconf 86' lang='lat' dir='ltr'><strong>ceteras</strong></span> <span class='ocrx_word' id='word_1_176' title='bbox 1282 1350 1393 1380; x_wconf 83' lang='lat' dir='ltr'><strong>vero</strong></span> <span class='ocrx_word' id='word_1_177' title='bbox 1426 1345 1753 1393; x_wconf 89' lang='lat' dir='ltr'><strong>contemnens;</strong></span> <span class='ocrx_word' id='word_1_178' title='bbox 1808 1338 1972 1382; x_wconf 90' lang='lat' dir='ltr'><strong>deinde</strong></span> <span class='ocrx_word' id='word_1_179' title='bbox 2013 1353 2112 1381; x_wconf 90' lang='lat' dir='ltr'><strong>cor-</strong></span> 
     </span>
     <span class='ocr_line' id='line_1_19' title="bbox 115 1406 2113 1470; baseline -0.001 -15"><span class='ocrx_word' id='word_1_180' title='bbox 115 1427 200 1470; x_wconf 90' lang='lat' dir='ltr'><strong>pus</strong></span> <span class='ocrx_word' id='word_1_181' title='bbox 231 1419 283 1453; x_wconf 95' lang='lat' dir='ltr'><strong>ut</strong></span> <span class='ocrx_word' id='word_1_182' title='bbox 315 1410 432 1453; x_wconf 90' lang='lat' dir='ltr'><strong>colat</strong></span> <span class='ocrx_word' id='word_1_183' title='bbox 461 1417 507 1452; x_wconf 88' lang='lat' dir='ltr'><strong>et</strong></span> <span class='ocrx_word' id='word_1_184' title='bbox 537 1408 733 1462; x_wconf 81' lang='lat' dir='ltr'><strong>nutriat,</strong></span> <span class='ocrx_word' id='word_1_185' title='bbox 778 1408 968 1453; x_wconf 73' lang='lat' dir='ltr'><strong>ferinaev</strong></span> <span class='ocrx_word' id='word_1_186' title='bbox 996 1407 1262 1466; x_wconf 86' lang='lat' dir='ltr'><strong>rationeque</strong></span> <span class='ocrx_word' id='word_1_187' title='bbox 1294 1406 1493 1453; x_wconf 87' lang='lat' dir='ltr'><strong>carentis</strong></span> <span class='ocrx_word' id='word_1_188' title='bbox 1526 1411 1772 1467; x_wconf 87' lang='lat' dir='ltr'><strong>voluptatis</strong></span> <span class='ocrx_word' id='word_1_189' title='bbox 1803 1426 1969 1467; x_wconf 73' lang='lat' dir='ltr'><strong>causa,</strong></span> <span class='ocrx_word' id='word_1_190' title='bbox 2014 1419 2113 1454; x_wconf 86' lang='lat' dir='ltr'><strong>tan·</strong></span> 
     </span>
     <span class='ocr_line' id='line_1_20' title="bbox 115 1480 2112 1541; baseline -0.002 -11"><span class='ocrx_word' id='word_1_191' title='bbox 115 1492 219 1530; x_wconf 84' lang='lat' dir='ltr'><strong>tum</strong></span> <span class='ocrx_word' id='word_1_192' title='bbox 250 1480 420 1536; x_wconf 81' lang='lat' dir='ltr'><strong>aberit,</strong></span> <span class='ocrx_word' id='word_1_193' title='bbox 448 1490 500 1525; x_wconf 92' lang='lat' dir='ltr'><strong>ut</strong></span> <span class='ocrx_word' id='word_1_194' title='bbox 531 1496 588 1525; x_wconf 89' lang='lat' dir='ltr'><strong>ne</strong></span> <span class='ocrx_word' id='word_1_195' title='bbox 631 1481 879 1525; x_wconf 84' lang='lat' dir='ltr'><strong>sanitatem</strong></span> <span class='ocrx_word' id='word_1_196' title='bbox 909 1481 1097 1539; x_wconf 86' lang='lat' dir='ltr'><strong>quidem</strong></span> <span class='ocrx_word' id='word_1_197' title='bbox 1127 1481 1371 1538; x_wconf 85' lang='lat' dir='ltr'><strong>respiciat,</strong></span> <span class='ocrx_word' id='word_1_198' title='bbox 1414 1496 1500 1525; x_wconf 86' lang='lat' dir='ltr'><strong>nec</strong></span> <span class='ocrx_word' id='word_1_199' title='bbox 1531 1481 1620 1526; x_wconf 89' lang='lat' dir='ltr'><strong>hoc</strong></span> <span class='ocrx_word' id='word_1_200' title='bbox 1656 1498 1763 1541; x_wconf 89' lang='lat' dir='ltr'><strong>prae</strong></span> <span class='ocrx_word' id='word_1_201' title='bbox 1811 1483 1975 1527; x_wconf 88' lang='lat' dir='ltr'><strong>ceteris</strong></span> <span class='ocrx_word' id='word_1_202' title='bbox 2012 1497 2112 1541; x_wconf 87' lang='lat' dir='ltr'><strong>spe-</strong></span> 
     </span>
     <span class='ocr_line' id='line_1_21' title="bbox 118 1553 2109 1613; baseline -0.002 -11"><span class='ocrx_word' id='word_1_203' title='bbox 118 1565 234 1611; x_wconf 82' lang='lat' dir='ltr'><strong>ctet,</strong></span> <span class='ocrx_word' id='word_1_204' title='bbox 267 1564 319 1599; x_wconf 90' lang='lat' dir='ltr'><strong>ut</strong></span> <span class='ocrx_word' id='word_1_205' title='bbox 346 1555 559 1599; x_wconf 88' lang='lat' dir='ltr'><strong>robustus</strong></span> <span class='ocrx_word' id='word_1_206' title='bbox 591 1555 666 1599; x_wconf 85' lang='lat' dir='ltr'><strong>vel</strong></span> <span class='ocrx_word' id='word_1_207' title='bbox 697 1570 835 1599; x_wconf 88' lang='lat' dir='ltr'><strong>sanus</strong></span> <span class='ocrx_word' id='word_1_208' title='bbox 866 1555 940 1599; x_wconf 83' lang='lat' dir='ltr'><strong>vel</strong></span> <span class='ocrx_word' id='word_1_209' title='bbox 965 1553 1156 1611; x_wconf 86' lang='lat' dir='ltr'><strong>pulcher</strong></span> <span class='ocrx_word' id='word_1_210' title='bbox 1177 1554 1364 1607; x_wconf 84' lang='lat' dir='ltr'><strong>existat,</strong></span> <span class='ocrx_word' id='word_1_211' title='bbox 1397 1554 1489 1597; x_wconf 90' lang='lat' dir='ltr'><strong>nisi</strong></span> <span class='ocrx_word' id='word_1_212' title='bbox 1517 1555 1659 1599; x_wconf 88' lang='lat' dir='ltr'><strong>etiam</strong></span> <span class='ocrx_word' id='word_1_213' title='bbox 1684 1556 1978 1613; x_wconf 85' lang='lat' dir='ltr'><strong>prudentiam</strong></span> <span class='ocrx_word' id='word_1_214' title='bbox 2002 1555 2109 1599; x_wconf 88' lang='lat' dir='ltr'><strong>inde</strong></span> 
     </span>
     <span class='ocr_line' id='line_1_22' title="bbox 118 1625 2110 1686; baseline -0.002 -10"><span class='ocrx_word' id='word_1_215' title='bbox 118 1637 411 1677; x_wconf 83' lang='lat' dir='ltr'><strong>assecuturus</strong></span> <span class='ocrx_word' id='word_1_216' title='bbox 444 1627 532 1683; x_wconf 90' lang='lat' dir='ltr'><strong>sit,</strong></span> <span class='ocrx_word' id='word_1_217' title='bbox 563 1626 857 1686; x_wconf 24' lang='lat' dir='ltr'><strong>sedrsemper</strong></span> <span class='ocrx_word' id='word_1_218' title='bbox 887 1626 1090 1685; x_wconf 88' lang='lat' dir='ltr'><strong>corporis</strong></span> <span class='ocrx_word' id='word_1_219' title='bbox 1124 1625 1484 1672; x_wconf 85' lang='lat' dir='ltr'><strong>concinnitatem</strong></span> <span class='ocrx_word' id='word_1_220' title='bbox 1517 1627 1667 1672; x_wconf 88' lang='lat' dir='ltr'><strong>animi</strong></span> <span class='ocrx_word' id='word_1_221' title='bbox 1696 1637 1944 1674; x_wconf 87' lang='lat' dir='ltr'><strong>concentus</strong></span> <span class='ocrx_word' id='word_1_222' title='bbox 1971 1643 2110 1674; x_wconf 83' lang='lat' dir='ltr'><strong>causa</strong></span> 
     </span>
     <span class='ocr_line' id='line_1_23' title="bbox 117 1699 774 1761; baseline -0.009 -12"><span class='ocrx_word' id='word_1_223' title='bbox 117 1712 380 1761; x_wconf 83' lang='lat' dir='ltr'><strong>temperans</strong></span> <span class='ocrx_word' id='word_1_224' title='bbox 411 1699 670 1758; x_wconf 87' lang='lat' dir='ltr'><strong>reperietur</strong></span> <span class='ocrx_word' id='word_1_225' title='bbox 700 1701 774 1749; x_wconf 76' lang='lat'>5³).</span> 
     </span>
    </p>
   </div>
   <div class='ocr_carea' id='block_1_3' title="bbox 119 1786 2110 1995">
    <p class='ocr_par' dir='ltr' id='par_1_3' title="bbox 119 1786 2110 1995">
     <span class='ocr_line' id='line_1_24' title="bbox 230 1786 2108 1846; baseline 0 -13"><span class='ocrx_word' id='word_1_226' title='bbox 230 1798 232 1801; x_wconf 80' lang='grc'>’</span> <span class='ocrx_word' id='word_1_227' title='bbox 296 1787 426 1834; x_wconf 87' lang='lat' dir='ltr'><strong>Unde</strong></span> <span class='ocrx_word' id='word_1_228' title='bbox 459 1796 604 1846; x_wconf 87' lang='lat' dir='ltr'><strong>patet,</strong></span> <span class='ocrx_word' id='word_1_229' title='bbox 636 1788 806 1843; x_wconf 79' lang='lat' dir='ltr'><strong>nostris</strong></span> <span class='ocrx_word' id='word_1_230' title='bbox 837 1787 992 1846; x_wconf 87' lang='lat' dir='ltr'><strong>pueris</strong></span> <span class='ocrx_word' id='word_1_231' title='bbox 1022 1786 1356 1846; x_wconf 82' lang='lat' dir='ltr'><strong>juvenibusque</strong></span> <span class='ocrx_word' id='word_1_232' title='bbox 1388 1788 1712 1832; x_wconf 83' lang='lat' dir='ltr'><strong>exercitatione</strong></span> <span class='ocrx_word' id='word_1_233' title='bbox 1745 1803 1836 1832; x_wconf 88' lang='lat' dir='ltr'><strong>non</strong></span> <span class='ocrx_word' id='word_1_234' title='bbox 1865 1804 1977 1845; x_wconf 84' lang='lat' dir='ltr'><strong>opus</strong></span> <span class='ocrx_word' id='word_1_235' title='bbox 2008 1803 2108 1834; x_wconf 84' lang='lat' dir='ltr'><strong>esse</strong></span> 
     </span>
     <span class='ocr_line' id='line_1_25' title="bbox 119 1858 2109 1918; baseline -0.002 -9"><span class='ocrx_word' id='word_1_236' title='bbox 119 1863 423 1915; x_wconf 77' lang='lat' dir='ltr'><strong>athletarum,</strong></span> <span class='ocrx_word' id='word_1_237' title='bbox 464 1860 678 1906; x_wconf 87' lang='lat' dir='ltr'><strong>virorum</strong></span> <span class='ocrx_word' id='word_1_238' title='bbox 715 1859 915 1906; x_wconf 81' lang='lat' dir='ltr'><strong>maximi</strong></span> <span class='ocrx_word' id='word_1_239' title='bbox 960 1858 1252 1913; x_wconf 87' lang='lat' dir='ltr'><strong>certaminis,</strong></span> <span class='ocrx_word' id='word_1_240' title='bbox 1295 1874 1463 1904; x_wconf 85' lang='lat' dir='ltr'><strong>verum</strong></span> <span class='ocrx_word' id='word_1_241' title='bbox 1505 1861 1689 1905; x_wconf 79' lang='lat' dir='ltr'><strong>scitiore</strong></span> <span class='ocrx_word' id='word_1_242' title='bbox 1722 1860 1945 1918; x_wconf 86' lang='lat' dir='ltr'><strong>quadam,</strong></span> <span class='ocrx_word' id='word_1_243' title='bbox 1991 1876 2109 1918; x_wconf 84' lang='lat' dir='ltr'><strong>quae</strong></span> 
     </span>
     <span class='ocr_line' id='line_1_26' title="bbox 121 1932 2110 1995; baseline -0.001 -15"><span class='ocrx_word' id='word_1_244' title='bbox 121 1935 309 1995; x_wconf 88' lang='lat' dir='ltr'><strong>quidem</strong></span> <span class='ocrx_word' id='word_1_245' title='bbox 340 1933 539 1989; x_wconf 83' lang='lat' dir='ltr'><strong>simplex</strong></span> <span class='ocrx_word' id='word_1_246' title='bbox 571 1947 623 1976; x_wconf 89' lang='lat' dir='ltr'><strong>ac</strong></span> <span class='ocrx_word' id='word_1_247' title='bbox 653 1934 858 1977; x_wconf 81' lang='lat' dir='ltr'><strong>maxime</strong></span> <span class='ocrx_word' id='word_1_248' title='bbox 887 1934 949 1978; x_wconf 87' lang='lat' dir='ltr'><strong>sit</strong></span> <span class='ocrx_word' id='word_1_249' title='bbox 980 1947 1166 1986; x_wconf 89' lang='lat' dir='ltr'><strong>eorum,</strong></span> <span class='ocrx_word' id='word_1_250' title='bbox 1192 1933 1300 1990; x_wconf 89' lang='lat' dir='ltr'><strong>qui,</strong></span> <span class='ocrx_word' id='word_1_251' title='bbox 1332 1932 1681 1977; x_wconf 81' lang='lat' dir='ltr'><strong>exercitationes</strong></span> <span class='ocrx_word' id='word_1_252' title='bbox 1713 1934 1980 1993; x_wconf 86' lang='lat' dir='ltr'><strong>laboresque</strong></span> <span class='ocrx_word' id='word_1_253' title='bbox 2004 1935 2110 1979; x_wconf 89' lang='lat' dir='ltr'><strong>sub-</strong></span> 
     </span>
    </p>
   </div>
   <div class='ocr_carea' id='block_1_4' title="bbox 120 2080 325 2095">
    <p class='ocr_par' dir='ltr' id='par_1_4' title="bbox 120 2080 325 2095">
     <span class='ocr_line' id='line_1_27' title="bbox 120 2080 325 2095; baseline 0 657"><span class='ocrx_word' id='word_1_254' title='bbox 120 2080 325 2095; x_wconf 95' lang='lat' dir='ltr'><strong> </strong></span> 
     </span>
    </p>
   </div>
   <div class='ocr_carea' id='block_1_5' title="bbox 145 2145 2114 2493">
    <p class='ocr_par' dir='ltr' id='par_1_5' title="bbox 145 2145 2114 2335">
     <span class='ocr_line' id='line_1_28' title="bbox 145 2145 2113 2199; baseline 0.001 -12"><span class='ocrx_word' id='word_1_255' title='bbox 145 2153 213 2194; x_wconf 73' lang='lat' dir='ltr'><strong>ao)</strong></span> <span class='ocrx_word' id='word_1_256' title='bbox 265 2149 383 2188; x_wconf 87' lang='lat' dir='ltr'><strong>Haec</strong></span> <span class='ocrx_word' id='word_1_257' title='bbox 413 2148 542 2185; x_wconf 79' lang='lat' dir='ltr'><strong>verba</strong></span> <span class='ocrx_word' id='word_1_258' title='bbox 571 2146 615 2183; x_wconf 91' lang='lat' dir='ltr'><strong>in</strong></span> <span class='ocrx_word' id='word_1_259' title='bbox 651 2145 892 2196; x_wconf 80' lang='lat' dir='ltr'><strong>parenthesi</strong></span> <span class='ocrx_word' id='word_1_260' title='bbox 925 2147 1108 2194; x_wconf 83' lang='lat' dir='ltr'><strong>seclusa,</strong></span> <span class='ocrx_word' id='word_1_261' title='bbox 1145 2152 1216 2191; x_wconf 85' lang='lat' dir='ltr'><strong>ut,</strong></span> <span class='ocrx_word' id='word_1_262' title='bbox 1253 2157 1356 2194; x_wconf 81' lang='lat' dir='ltr'><strong>quae</strong></span> <span class='ocrx_word' id='word_1_263' title='bbox 1390 2146 1669 2195; x_wconf 85' lang='lat' dir='ltr'><strong>praecedunt,</strong></span> <span class='ocrx_word' id='word_1_264' title='bbox 1714 2159 1806 2185; x_wconf 85' lang='lat' dir='ltr'><strong>cum</strong></span> <span class='ocrx_word' id='word_1_265' title='bbox 1845 2151 2113 2199; x_wconf 71' lang='lat' dir='ltr'><strong>sequentibus</strong></span> 
     </span>
     <span class='ocr_line' id='line_1_29' title="bbox 266 2196 2113 2245; baseline 0.001 -9"><span class='ocrx_word' id='word_1_266' title='bbox 266 2199 397 2236; x_wconf 85' lang='lat' dir='ltr'><strong>satius</strong></span> <span class='ocrx_word' id='word_1_267' title='bbox 424 2197 667 2242; x_wconf 83' lang='lat' dir='ltr'><strong>concinant,</strong></span> <span class='ocrx_word' id='word_1_268' title='bbox 696 2197 746 2233; x_wconf 84' lang='lat' dir='ltr'><strong>de</strong></span> <span class='ocrx_word' id='word_1_269' title='bbox 772 2203 916 2233; x_wconf 88' lang='lat' dir='ltr'><strong>nostro</strong></span> <span class='ocrx_word' id='word_1_270' title='bbox 945 2198 1112 2243; x_wconf 85' lang='lat' dir='ltr'><strong>quidem</strong></span> <span class='ocrx_word' id='word_1_271' title='bbox 1137 2196 1395 2242; x_wconf 85' lang='lat' dir='ltr'><strong>addidimus,</strong></span> <span class='ocrx_word' id='word_1_272' title='bbox 1427 2197 1498 2232; x_wconf 90' lang='lat' dir='ltr'><strong>sed</strong></span> <span class='ocrx_word' id='word_1_273' title='bbox 1523 2197 1867 2245; x_wconf 86' lang='lat' dir='ltr'><strong>quemadmodum</strong></span> <span class='ocrx_word' id='word_1_274' title='bbox 1897 2202 2009 2237; x_wconf 85' lang='lat' dir='ltr'><strong>ratio</strong></span> <span class='ocrx_word' id='word_1_275' title='bbox 2034 2201 2113 2238; x_wconf 89' lang='lat' dir='ltr'><strong>hu·</strong></span> 
     </span>
     <span class='ocr_line' id='line_1_30' title="bbox 266 2245 2114 2301; baseline 0.001 -15"><span class='ocrx_word' id='word_1_276' title='bbox 266 2250 330 2298; x_wconf 84' lang='lat' dir='ltr'><strong>jus</strong></span> <span class='ocrx_word' id='word_1_277' title='bbox 350 2248 585 2285; x_wconf 79' lang='lat' dir='ltr'><strong>Platonicae</strong></span> <span class='ocrx_word' id='word_1_278' title='bbox 613 2246 829 2284; x_wconf 79' lang='lat' dir='ltr'><strong>doctrinae</strong></span> <span class='ocrx_word' id='word_1_279' title='bbox 863 2245 1203 2296; x_wconf 86' lang='lat' dir='ltr'><strong>interpretandae</strong></span> <span class='ocrx_word' id='word_1_280' title='bbox 1230 2246 1319 2295; x_wconf 86' lang='lat' dir='ltr'><strong>ipsa</strong></span> <span class='ocrx_word' id='word_1_281' title='bbox 1355 2248 1551 2294; x_wconf 79' lang='lat' dir='ltr'><strong>requirit.</strong></span> <span class='ocrx_word' id='word_1_282' title='bbox 1603 2246 1668 2285; x_wconf 91' lang='lat' dir='ltr'><strong>De</strong></span> <span class='ocrx_word' id='word_1_283' title='bbox 1705 2260 1786 2297; x_wconf 82' lang='lat' dir='ltr'><strong>qua</strong></span> <span class='ocrx_word' id='word_1_284' title='bbox 1818 2248 1916 2286; x_wconf 83' lang='lat' dir='ltr'><strong>vide</strong></span> <span class='ocrx_word' id='word_1_285' title='bbox 1945 2251 1989 2286; x_wconf 88' lang='lat' dir='ltr'><strong>in</strong></span> <span class='ocrx_word' id='word_1_286' title='bbox 2015 2251 2114 2301; x_wconf 83' lang='lat' dir='ltr'><strong>Epi·</strong></span> 
     </span>
     <span class='ocr_line' id='line_1_31' title="bbox 272 2301 470 2335; baseline 0 0"><span class='ocrx_word' id='word_1_287' title='bbox 272 2301 382 2335; x_wconf 74' lang='lat'><strong>1000.</strong></span> <span class='ocrx_word' id='word_1_288' title='bbox 419 2318 470 2325; x_wconf 93' lang='lat'><strong>—</strong></span> 
     </span>
    </p>

    <p class='ocr_par' dir='ltr' id='par_1_6' title="bbox 150 2330 682 2393">
     <span class='ocr_line' id='line_1_32' title="bbox 150 2330 682 2393; baseline -0.011 -6"><span class='ocrx_word' id='word_1_289' title='bbox 150 2349 216 2393; x_wconf 75' lang='lat'><strong>31)</strong></span> <span class='ocrx_word' id='word_1_290' title='bbox 269 2330 421 2384; x_wconf 65' lang='lat' dir='ltr'><strong>Po‘litia</strong></span> <span class='ocrx_word' id='word_1_291' title='bbox 444 2348 502 2383; x_wconf 83' lang='lat'><em>111.</em></span> <span class='ocrx_word' id='word_1_292' title='bbox 531 2352 617 2388; x_wconf 70' lang='lat'><strong><em>[103-</em></strong></span> <span class='ocrx_word' id='word_1_293' title='bbox 643 2345 682 2382; x_wconf 87' lang='lat' dir='ltr'><strong>d.</strong></span> 
     </span>
    </p>

    <p class='ocr_par' dir='ltr' id='par_1_7' title="bbox 151 2394 743 2448">
     <span class='ocr_line' id='line_1_33' title="bbox 151 2394 743 2448; baseline -0.008 -10"><span class='ocrx_word' id='word_1_294' title='bbox 151 2401 219 2441; x_wconf 67' lang='lat'><strong>32)</strong></span> <span class='ocrx_word' id='word_1_295' title='bbox 271 2397 400 2448; x_wconf 80' lang='lat' dir='ltr'><strong>Legg.</strong></span> <span class='ocrx_word' id='word_1_296' title='bbox 444 2396 497 2434; x_wconf 85' lang='lat' dir='ltr'><strong>X.</strong></span> <span class='ocrx_word' id='word_1_297' title='bbox 525 2394 612 2443; x_wconf 81' lang='lat'><strong>396.</strong></span> <span class='ocrx_word' id='word_1_298' title='bbox 639 2397 678 2434; x_wconf 78' lang='lat' dir='ltr'><strong>b.</strong></span> <span class='ocrx_word' id='word_1_299' title='bbox 708 2408 743 2433; x_wconf 85' lang='lat' dir='ltr'><strong>c.</strong></span> 
     </span>
    </p>

    <p class='ocr_par' dir='ltr' id='par_1_8' title="bbox 150 2445 1027 2493">
     <span class='ocr_line' id='line_1_34' title="bbox 150 2445 1027 2493; baseline -0.006 -6"><span class='ocrx_word' id='word_1_300' title='bbox 150 2452 218 2491; x_wconf 71' lang='lat'><strong>⁸3)</strong></span> <span class='ocrx_word' id='word_1_301' title='bbox 272 2448 425 2484; x_wconf 82' lang='lat' dir='ltr'><strong>Politia</strong></span> <span class='ocrx_word' id='word_1_302' title='bbox 448 2446 520 2484; x_wconf 85' lang='lat' dir='ltr'><strong>1X.</strong></span> <span class='ocrx_word' id='word_1_303' title='bbox 543 2452 630 2493; x_wconf 79' lang='lat'>591.</span> <span class='ocrx_word' id='word_1_304' title='bbox 657 2448 695 2483; x_wconf 87' lang='lat' dir='ltr'><strong>b.</strong></span> <span class='ocrx_word' id='word_1_305' title='bbox 725 2460 759 2483; x_wconf 77' lang='grc' dir='ltr'><strong>ο,</strong></span> <span class='ocrx_word' id='word_1_306' title='bbox 786 2445 849 2491; x_wconf 86' lang='lat' dir='ltr'><strong>d.;</strong></span> <span class='ocrx_word' id='word_1_307' title='bbox 874 2447 960 2483; x_wconf 76' lang='lat'><strong>585.</strong></span> <span class='ocrx_word' id='word_1_308' title='bbox 988 2445 1027 2482; x_wconf 84' lang='lat' dir='ltr'><strong>d.</strong></span> 
     </span>
    </p>
   </div>
  </div>
 </body>
</html>
