2305 2776
981 118 1324 161 --16--μ

132 231 525 291 quemadmodum
558 233 753 277 mutatio
787 231 1003 278 omnibus
1041 234 1088 278 in
1121 234 1281 289 rebus,
1322 235 1449 279 velut
1479 234 1528 278 in
1561 234 1775 279 omnibus
1808 237 1918 281 anni
1950 245 2122 295 tempo—

132 307 289 362 ribus,
326 305 375 350 in
405 306 573 361 ventis,
605 309 738 365 longe
771 305 1165 364 periculosissima
1195 307 1478 365 reperiatur,
1507 307 1575 352 sic
1610 323 1811 366 quoque,
1843 310 1884 352 si
1913 325 1939 354 a
1967 325 2122 368 corpor

130 394 241 424 rum
273 378 425 434 victu,
466 388 518 422 ut
559 395 585 423 a
627 380 835 423 moribus
878 381 1168 435 animorum,
1211 380 1472 435 deflexeris,
1505 382 1767 438 periculum
1801 381 1979 436 afferri;
2012 395 2122 427 nam

131 455 173 499 si
203 465 393 510 corpora
424 452 576 506 cibos,
610 461 766 509 potus,
799 452 975 496 labores
1005 461 1185 496 mutare
1213 461 1464 511 coguntur,
1496 454 1551 497 ab
1580 454 1720 497 initio
1746 454 1925 498 turbata
1956 469 1982 498 a
2001 470 2124 499 mor-

130 529 199 572 bis
234 541 326 569 non
356 525 485 581 prius
515 526 855 579 restituuntur,
886 537 1023 582 quam
1058 538 1232 569 novum
1272 525 1448 569 victum
1460 557 1474 579 ,
1516 535 1568 569 ut
1606 527 1694 569 sibi
1751 535 2014 584 acceptum,
2056 541 2124 571 as-

130 606 399 644 sumserunt
441 598 514 645 th2).
594 597 750 654 ltaque
793 598 997 641 medicus
1028 599 1102 641 vel
1136 597 1420 655 palaestrita,
1462 598 1566 655 qui,
1608 597 1887 642 imminente
1928 601 2128 659 peregri-

131 671 344 724 natione,
383 670 434 713 ab
469 669 556 722 iis,
600 670 681 727 qui
711 670 799 727 ipsi
832 686 968 714 curae
1000 679 1136 724 sunt,
1180 670 1234 713 ad
1264 670 1569 729 longinquum
1602 680 1784 728 tempus
1818 672 1971 715 abesse
2002 673 2125 726 vult,

131 745 173 790 si
204 745 307 788 illos
338 743 569 786 memoria
602 743 882 799 praescripta
911 759 997 786 non
1023 758 1121 786 esse
1155 741 1460 787 custodituros
1489 744 1724 800 opinetur,
1768 737 2126 788 commentarios

131 818 377 869 conficiet,
411 825 456 858 at
488 816 529 858 si
561 825 741 871 praeter
772 815 1035 871 opinionem
1069 816 1124 858 ad
1157 816 1340 858 brevius
1370 826 1550 872 tempus
1582 817 1896 873 peregrinatus
1928 825 2126 860 reverte-

132 890 219 943 rit,
255 889 359 941 alia,
390 901 532 944 quam
565 887 661 940 illa,
694 888 971 944 praescripta
1002 887 1212 931 instituet
1243 887 1527 944 praecipere,
1559 887 1599 931 si
1620 887 1834 945 quidem,
1865 888 2000 931 rebus
2023 904 2124 931 mu-

131 961 264 1014 tatis,
308 960 397 1002 alia
435 959 586 1018 magis
630 959 893 1002 conducant
938 961 1008 1007 ³¹3).
1079 962 1317 1003 Praeterea
1356 960 1643 1016 palaestritae
1691 969 1736 1002 et
1764 960 1964 1014 medici,
2017 975 2128 1004 cum

133 1049 299 1092 corpus
337 1041 526 1085 curent,
571 1031 652 1089 qui
682 1032 928 1077 videantur
960 1032 1107 1078 valido
1140 1048 1237 1077 esse
1270 1047 1483 1090 corpore,
1516 1047 1592 1077 eos
1626 1048 1733 1078 vere
1769 1048 1861 1076 non
1894 1048 2017 1088 esse,
2062 1034 2127 1077 fa-

133 1108 223 1152 cile
256 1105 458 1150 sentient
494 1106 567 1153 1tlt).

1064 1204 1207 1250 S-S.

317 1290 672 1347 Gymnastic
688 1305 737 1345 a,
780 1305 919 1347 quam
949 1289 1136 1347 quidem
1179 1288 1408 1345 occepisse
1446 1288 1621 1346 primos
1658 1289 1925 1344 Cretenses,
1966 1290 2127 1333 deinde

133 1362 529 1408 Lacedaemonios
572 1373 733 1406 notum
773 1372 840 1405 est
877 1362 966 1416 Μ’),
1015 1362 1163 1405 duas
1205 1362 1301 1404 fere
1346 1370 1539 1418 partes
1573 1362 1890 1418 amplectitur,
1932 1364 2124 1406 alteram

131 1435 566 1490 luctationem,
602 1426 795 1479 alteram
831 1434 1211 1479 saltationem
1247 1430 1323 1486 ιᾶ6).
1383 1435 1487 1489 llla,
1519 1448 1659 1491 quae,
1694 1434 1907 1491 quamvis
1933 1436 2126 1479 laborio-

131 1524 206 1565 sa,
240 1526 266 1553 a
298 1508 429 1552 nobis
464 1508 700 1562 utilitatis,
734 1507 910 1551 roboris
949 1517 991 1550 et
1022 1507 1328 1561 valetudinis,
1357 1521 1515 1561 causa,
1549 1516 1772 1550 tractatur
1806 1509 1894 1562 4⁷),
1944 1508 1999 1551 ad
2028 1523 2124 1552 cer-

132 1585 318 1637 vicem,
354 1595 521 1625 manus
553 1582 783 1639 lateraque
817 1580 1079 1638 explicanda
1115 1590 1311 1637 spectat,
1355 1590 1405 1624 ut
1435 1596 1485 1624 ea
1517 1581 1661 1624 simul
1692 1596 1802 1624 cum
1836 1577 2127 1626 contentione

133 1657 383 1712 habituque
420 1654 583 1696 decoro
614 1663 914 1696 exerceantur
937 1652 1005 1699 lt8).
1073 1653 1328 1697 Saltatio
1358 1663 1513 1696 autem
1546 1653 1717 1695 bonum
1748 1651 1980 1707 habitum,
2013 1656 2124 1698 levi-

131 1737 278 1771 tatem
313 1736 359 1769 et
389 1724 788 1782 pulchritudinem
821 1725 1021 1781 corporis
1061 1726 1383 1769 membrorum
1424 1716 1469 1768 et
1502 1726 1705 1783 partium
1734 1724 1900 1779 efficit,
1938 1733 1988 1767 ut
2019 1740 2121 1771 con-

156 1860 227 1904 142)
280 1861 414 1908 Legg.
443 1858 528 1893 Vll
557 1864 643 1902 797.
673 1857 712 1893 d.
740 1875 789 1882 —
814 1858 902 1902 793
930 1869 965 1893 a

157 1911 226 1953 43)
281 1910 461 1946 Politico
487 1911 575 1953 295.
604 1920 637 1945 c.
667 1906 706 1944 d.

156 1960 225 2002 aa)
283 1960 411 2008 Gorg
441 1956 528 1998 404
556 1970 592 1991 a

156 2010 223 2052 a5)
279 2009 430 2045 Politia
456 2009 508 2043 V
539 2009 626 2046 [452.
655 2018 688 2041 c.
717 2003 756 2040 d.
810 2005 925 2055 Legg·
961 2005 992 2041 Ῑ.
1020 2001 1110 2041 6236.
1139 2006 1178 2041 b.

155 2057 225 2106 46)
278 2060 409 2108 Legg
455 2058 549 2092 VII
585 2060 673 2100 795.
711 2066 747 2091 e.
803 2034 1109 2104 Gjmnasticam
1147 2065 1335 2100 omnem,
1373 2054 1408 2090 si
1436 2055 1494 2090 ita
1523 2055 1715 2091 bifariam
1745 2053 1977 2105 digeritur,
2005 2055 2121 2092 vide·

276 2121 368 2144 mus
373 2090 530 2142 ”altera
554 2111 696 2153 parte,
724 2105 962 2150 saltatione,
997 2111 1110 2141 arcte
1137 2105 1357 2140 coliaeiere
1383 2117 1476 2139 cum
1513 2106 1690 2150 musica,
1721 2106 1872 2153 quippe
1911 2116 2013 2152 quae
2044 2106 2122 2140 sal-

277 2157 395 2194 tandi
426 2157 608 2191 motibus
646 2153 769 2189 dedat
808 2166 1045 2200 numerum,
1083 2154 1360 2199 harmoniam,
1392 2156 1638 2190 orationem.
1693 2154 1740 2190 Id
1763 2154 1871 2203 quod
1896 2156 2030 2191 elevat
2054 2166 2122 2202 pa-

251 2248 254 2251 ,
281 2208 504 2244 laestricae
544 2216 619 2240 seu
645 2204 830 2239 luctandi
864 2206 964 2239 attis
994 2205 1181 2250 labores,
1218 2205 1285 2240 cui
1326 2180 1538 2240 Platonem
1578 2209 1762 2250 ceteras,
1791 2216 1893 2250 quae
1922 2211 1964 2240 et
1994 2205 2119 2252 ipsae,

275 2264 325 2295 ut
358 2256 559 2299 luctatio,
587 2255 857 2300 quinquertio
896 2257 1185 2298 continentur,
1224 2255 1566 2298 exercitationes,
1606 2253 1733 2298 disci,
1769 2265 1936 2298 cursus,
1977 2254 2120 2297 saltus,

273 2308 511 2357 pugilatus,
542 2309 680 2339 mente
708 2304 964 2362 subjunxisse
992 2305 1083 2349 jure
1109 2305 1379 2351 suspicamur.
1434 2303 1728 2339 palaestricam
1757 2304 1888 2348 enim,
1918 2303 2012 2350 quia
2042 2305 2123 2339 arti

302 2358 578 2407 ymnasticae,
616 2355 737 2401 eique
781 2354 1029 2404 angustioris
1080 2354 1282 2401 ambitus,
1336 2355 1553 2390 maximam
1588 2353 1676 2389 vim
1723 2351 1958 2403 adspeigit,
2003 2352 2122 2398 hujus

273 2371 366 2444 ioco
402 2408 535 2455 ponit

156 2456 224 2503 47)
279 2457 614 2498 P011t1a11357.
643 2465 676 2488 c.
706 2451 745 2488 d

154 2510 222 2553 [43)
277 2508 407 2557 Legg
453 2506 538 2544 Vll.
568 2501 656 2549 796.
686 2515 721 2538 ;.1
