2305 2776
1016 103 1315 143 —22-

167 235 278 265 vens
309 217 586 272 studiosius,
615 231 723 261 mox
756 232 808 260 eo
839 216 993 261 veniet
1027 216 1075 261 in
1108 216 1330 277 legendo,
1376 225 1426 262 ut
1457 216 1691 261 Platonem
1725 217 1860 261 tertio
1892 219 1941 264 in
1973 217 2160 263 Politiae

164 293 311 344 libro,
358 292 437 336 ubi
478 300 717 336 momenta
758 299 803 334 et
843 289 991 334 animi
1023 298 1067 332 et
1098 291 1301 348 corporis
1333 290 1636 349 praestantiae
1670 290 1952 348 perpendens
1983 292 2032 336 in
2066 277 2161 335 ani-

168 381 302 413 mum
341 366 528 422 ejusque
561 365 741 409 cultum
772 379 820 408 se
852 363 1067 417 inclinet,
1113 358 1209 407 alio'
1235 363 1463 422 proposito
1501 376 1553 407 ac
1584 362 1634 406 in
1674 363 1864 408 Timaeo
1897 360 1962 412 ⁶0)
1995 374 2039 409 et
2072 365 2161 409 Le-

149 455 280 502 ¹gum
312 441 443 483 libris
480 438 534 481 de
568 453 618 480 re
652 452 735 481 sua
772 437 1021 494 disputasse
1056 436 1327 492 arbitretur3
1361 436 1572 480 defendet-
1594 437 1745 491 illum,
1780 445 1831 480 ut
1851 437 1929 495 qui
1950 436 2161 483 homines

167 528 274 560 suae
308 512 470 556 aetatis
505 510 822 567 nationisque,
867 509 1007 552 nimis
1041 509 1177 552 rebus
1209 510 1440 566 corporeis
1472 508 1729 563 studentes,
1772 513 1918 553 animi
1959 511 2157 569 gravita-

167 596 263 631 tem
307 584 471 630 docere
503 583 732 638 voluerit,
779 594 1048 641 persuasum
1074 580 1277 637 habens,
1323 581 1577 625 humanam
1610 580 1822 625 naturam
1863 583 1984 627 ultro
2013 585 2162 644 magis

168 660 225 702 ad
255 657 478 715 corporis,
514 671 654 713 quam
689 656 838 697 animi
867 654 1044 698 culfum
1080 657 1365 710 praevalere,
1399 655 1591 712 ideoque
1623 655 1786 698 ethicis
1811 656 2032 710 decretis,
2064 649 2162 715 qui-

167 733 252 776 bus
287 731 555 775 animorum
588 729 737 771 cultus
771 737 816 770 et
846 728 966 771 salus
999 727 1339 784 praeferantur,
1373 728 1458 771 hac
1488 728 1535 770 in
1565 743 1615 770 re
1641 728 1787 784 potius
1808 729 2028 773 utendum
2051 746 2159 775 esse.

167 808 327 861 Itaque
359 804 437 845 ubi
472 816 658 845 necesse
690 801 902 854 videtur,
936 800 1116 857 quidvis
1148 802 1352 857 corporis
1381 801 1516 857 parvi
1552 800 1700 855 ducit,
1748 811 1798 845 ut
1838 804 2071 846 malorum
2119 821 2164 848 o-

171 880 358 933 mnium
394 874 627 928 originem
663 888 760 916 esse
795 873 925 914 nobis
948 872 1220 930 persuadere
1239 873 1441 926 studeat,
1475 874 1628 929 quasi,
1662 875 2037 930 quamvisavera
2058 878 2164 921 sibi-

170 965 255 1010 que
289 956 594 994 consentanea
628 946 934 1002 disputatione
966 946 1178 988 aberrare
1207 945 1502 999 videremur,
1547 946 1694 989 animi
1725 956 1912 990 naturae
1944 963 2049 1005 prae
2068 966 2164 993 cor-

170 1025 293 1084 poris
322 1024 529 1065 nimium
562 1019 815 1062 tribuentes
848 1016 985 1075 pretii
1014 1017 1063 1060 in
1093 1016 1352 1072 educando,
1397 1018 1703 1063 nihilominus
1738 1018 1976 1074 homines,
2006 1039 2165 1080 -quum

111 1147 116 1151 ,
171 1105 412 1158 praecepta
444 1093 674 1150 prosecuti
706 1100 859 1134 essent
890 1090 939 1133 in
972 1089 1129 1158 rebus,
1163 1089 1402 1148 utriusque
1433 1101 1623 1135 naturae
1643 1093 1816 1150 pariter
1833 1093 2164 1145 satisfacerent.

168 1171 299 1220 Unde
337 1169 411 1222 fit,
436 1172 496 1210 vut
526 1166 623 1223 ipse
654 1164 841 1208 laudem
876 1164 992 1208 ferat
1021 1177 1284 1218 summam,
1318 1164 1458 1222 quod,
1491 1180 1581 1209 non
1610 1180 1802 1220 curans,
1837 1182 1950 1223 quae
1981 1169 2166 1225 quisat-

172 1261 259 1305 que
300 1245 396 1300 ipse
439 1239 583 1282 etiam
628 1238 681 1281 de
723 1236 927 1293 corporis
967 1236 1162 1279 humani
1203 1237 1250 1279 vi
1283 1246 1417 1294 atque
1449 1239 1600 1299 cultu,
1643 1239 1857 1294 quamvis
1885 1249 2008 1303 recte
2039 1258 2167 1299 prae-

172 1317 420 1372 missisque
455 1311 650 1356 decretis
682 1318 1009 1368 congruenter,
1038 1318 1083 1352 et
1115 1309 1366 1352 meditetur
1393 1320 1438 1353 et
1461 1320 1835 1369 argumentetur,
1864 1326 2167 1362 summotue-

168 1403 248 1437 tur
289 1399 421 1445 atque
462 1377 593 1427 effert
627 1382 802 1435 studio,
849 1394 961 1438 quae
1001 1395 1082 1425 nos
1117 1381 1174 1424 ad
1209 1383 1423 1426 caelestia
1454 1385 1662 1427 attollant
1693 1393 1909 1444 cognata,
1953 1387 2164 1436 animum

151 1458 562 1518 ,conformandum
595 1464 639 1498 et
669 1456 918 1506 virtutem,
955 1467 1139 1496 memor
1170 1469 1354 1510 semper
1385 1456 1572 1499 alterius
1601 1457 1752 1510 vitae,
1785 1472 1945 1516 rerum
1979 1475 2162 1516 prorsus

172 1536 370 1594 expertis
392 1540 754 1586 corporearum.
819 1525 993 1569 Eodem
1027 1526 1126 1569 fere
1163 1525 1302 1569 modo
1336 1538 1417 1571 nos
1451 1527 1580 1572 decet
1618 1529 1758 1573 vei-ba
1796 1529 2003 1587 accipere
2044 1535 2165 1583 dicta

170 1615 207 1660 ς.
240 1611 310 1661 8.,
344 1604 423 1649 ubi
456 1601 826 1661 gymnasticam‚
856 1615 969 1657 quae
1004 1599 1191 1657 quidem
1224 1597 1519 1656 palaestricae
1556 1602 1957 1660 exercitationibus
1990 1612 2165 1664 praeci-

170 1699 258 1743 pue
301 1678 549 1729 cernitur,
580 1674 666 1717 etsi
703 1674 927 1717 laboriosa
960 1673 1042 1727 sit,
1086 1673 1298 1717 utilitatis
1333 1689 1471 1718 causa
1503 1675 1615 1718 dicit
1645 1677 1857 1732 tra‘ctari3
1903 1682 2076 1725 etenim
2108 1702 2163 1730 eg

168 1767 261 1802 tota
292 1750 615 1819 gymnasticae
648 1745 905 1790 necessario
937 1745 1278 1790 constituendae
1308 1751 1729 1807 argumentatione,
1760 1758 1860 1793 tum
1880 1767 1935 1796 ex
1955 1754 2028 1809 iis,
2048 1773 2162 1815 quae

170 1832 224 1874 de
258 1818 767 1882 adjumentispublicis
800 1832 850 1861 ac
884 1818 935 1860 de
963 1819 1300 1862 concertatione
1333 1821 1658 1878 praemiisque·
1689 1821 1737 1865 in
1775 1826 2010 1882 gymnicis
2042 1831 2161 1878 ludis

170 1897 472 1948 decernendis
505 1894 628 1937 dicta
659 1900 798 1944 sunt,
832 1890 942 1934 satis
973 1900 1119 1949 patet,
1159 1902 1263 1935 eam
1283 1925 1295 1947 ,
1330 1909 1444 1950 quae
1474 1903 1666 1938 cunctae
1698 1895 1924 1942 Graeciae
1957 1905 2162 1952 max-ime

169 1973 462 2032 comprobata
495 1976 540 2038 et
571 1973 754 2021 accepta
786 1964 950 2016 fuerit,
985 1965 1161 2008 Platoni
1190 1966 1354 2024 et.ipsi
1385 1981 1467 2023 per
1490 1976 1638 2011 semet
1668 1969 1840 2026 ipsam,
1872 1973 1925 2015 ob
1958 1977 2161 2036 volupta-

168 2059 265 2092 tem
299 2056 344 2089 et
377 2041 629 2085 artificium
672 2036 892 2090 insitum,
935 2037 1083 2081 visam
1119 2038 1260 2082 fnisse
1293 2040 1544 2096 optandam.
1611 2042 1789 2097 Simul,
1823 2048 1982 2101 quanti
2010 2055 2159 2096 omni-

168 2136 227 2165 no
262 2115 491 2164 momenti
525 2113 655 2156 illam
689 2110 855 2154 fecerit
867 2141 880 2162 ,
925 2110 1166 2154 ostendunt
1198 2125 1275 2166 ea,
1318 2127 1432 2170 quae
1458 2114 1741 2171 palaestritas
1777 2130 1886 2160 cum
1919 2118 1972 2162 de
2004 2137 2159 2182 corpo-

165 2196 231 2238 ris
269 2199 528 2240 structura,
568 2184 834 2229 valetudine
867 2192 910 2225 et
942 2185 1139 2238 morbis,
1183 2194 1285 2232 tum
1317 2186 1370 2229 de
1404 2188 1504 2229 cibo
1538 2196 1583 2229 et
1612 2197 1721 2244 potu
1754 2192 1976 2234 sumendo
2010 2199 2159 2241 omni-

167 2281 253 2325 que
291 2261 483 2310 vivendi
522 2257 659 2302 modo
692 2266 737 2301 et
768 2256 936 2300 callere
967 2266 1011 2300 et
1037 2257 1349 2316 praescribere
1384 2259 1540 2323 voluit.
1619 2260 1708 2318 Qui
1742 2261 1916 2308 diaetae
1944 2266 2160 2316 videlicet

175 2429 667 2446 -ss—-——-—-———-

187 2501 256 2544 60)
310 2501 362 2537 cf.
391 2510 494 2547 quae
525 2508 649 2545 supra
678 2497 727 2534 de
756 2495 974 2548 gignendis
998 2496 1125 2532 animi
1151 2495 1306 2532 morbis
1336 2496 1470 2532 relata
1497 2481 1594 2534 sunt
1618 2497 1742 2535 initio
1774 2500 1807 2542 S.
1836 2496 1872 2537 2'.
