2233 2752
323 178 588 245 Sicpa'tet,
634 186 729 244 qua
760 185 943 231 ratione
976 185 1023 229 id
1046 198 1260 243 quoque,
1302 185 1445 243 quod,
1492 187 1808 246 gymnasticae
1852 184 2129 230 factitandae

147 261 625 317 junctum‘,·multum
659 258 818 302 damni
850 259 1015 301 afferre
1044 266 1386 301 commemorat:
1412 259 1558 313 Plato,
1597 260 1739 316 possit
1769 258 1919 302 arceri
1951 258 2027 301 vel
2054 272 2130 314 po-

147 335 257 378 tius>
271 332 512 391 supprimi.
542 363 548 371 ᾗ
584 332 801 389 Corporis
829 347 938 376 vero
956 345 1051 389 >per
1079 331 1427 390 gymnasticamr
1447 347 1559 377 cura
1588 332 1781 380 Graecis
1813 331 2021 375 maxime
2047 346 2129 375 ne-

148 406 346 451 cessaria
376 413 472 447 erat
510 404 830 460 comprobata3
869 404 1031 462 quibus
1064 402 1302 448 videbatur
1340 402 1735 460 pulcherrimum,
1780 403 1987 448 hominis
1996 434 2026 459 „
2048 404 2127 462 qui

148 481 265 523 liber
301 486 434 521 natus
468 477 516 519 in
549 477 703 533 populi
731 478 878 521 vitam
910 476 1139 534 prodiret,
1178 477 1349 534 fingere
1389 485 1532 520 totam
1563 487 1803 531 naturam,
1843 486 1890 520 et
1916 479 2123 520 mentem

148 561 194 597 et
222 560 410 607 corpus,
457 549 713 606 mentisque
756 542 904 607 partes
937 549 1164 608 singulas,
1203 548 1444 601 animum,
1484 549 1748 609 ingenium3
1791 562 1902 607 quae
1943 549 2124 603 omnia,

147 624 196 669 vi
227 621 432 666 hominis
474 623 600 664 nulla
637 621 765 678 quasi
805 621 854 664 in
891 635 1053 665 somno
1094 621 1277 674 relicta,
1328 620 1392 663 ita
1438 623 1727 665 conformare
1766 621 2031 673 studebant,
2071 630 2127 677 ut

149 712 279 742 mens
313 694 497 753 ingenio
531 693 702 751 pariter
734 703 863 738 acute
896 696 1116 751 planeque
1146 693 1448 752 intelligeret,
1484 703 1615 751 atque
1649 695 1803 738 animo
1835 703 1958 738 recte
1989 694 2124 736 bene-

149 785 233 829 que
262 766 475 820 sentiret,
516 766 719 823 corporis
753 774 907 810 autem
938 770 1061 811 vires
1090 765 1489 810 exercitationibus
1520 767 1850 824 gymnasticis,
1897 774 2122 823 quantum

147 842 249 886 fieri
276 847 448 897 posset,
478 853 567 881 non
599 847 874 896 augerentur
908 837 1070 891 modo,
1103 837 1439 882 verumetiam
1472 839 1611 897 agiles
1641 839 1967 892 redderentur,
2000 838 2123 881 ideo·

148 930 234 973 que
267 912 389 958 vires
423 913 591 955 mentis
620 926 754 955 sanae
786 925 894 955 sano
925 910 975 953 in
1003 922 1189 967 corpore
1228 917 1599 954 sustentarentur.
1690 912 1837 969 Igitur
1878 910 2123 963 hominem

148 987 406 1037 Graecum,
456 984 534 1040 qui
566 984 628 1026 ita
658 983 874 1026 educatus
913 991 1007 1035 est,
1052 982 1261 1026 videmus
1294 991 1460 1039 quanta
1498 983 1805 1026 concinnitate
1843 983 2048 1040 corporis
2080 991 2125 1024 et

147 1057 347 1110 mentis,
379 1064 545 1113 quanta
577 1056 790 1099 facultate
822 1070 874 1098 ea
905 1053 1133 1107 faciendi,
1164 1069 1278 1111 quae
1309 1055 1693 1112 triente'beperit,
1736 1063 1905 1113 quanta
1936 1054 2123 1098 tandem

146 1128 425 1177 conscientia
456 1143 503 1172 se
533 1142 685 1185 posse,
718 1141 985 1185 quocunque
1016 1140 1174 1169 rerum
1208 1135 1252 1170 et
1281 1135 1543 1183 temporum
1575 1127 1777 1181 venerit,
1819 1126 2022 1170 humana
2055 1126 2125 1169 vi-

145 1215 191 1249 ta
220 1202 467 1261 prudenter
494 1200 806 1256 hilaribusque
838 1200 1043 1243 sensibus
1075 1199 1184 1252 frui,
1216 1214 1410 1255 eamque
1440 1213 1547 1241 cum
1580 1192 1721 1243 altera
1739 1200 1881 1243 etiam
1903 1199 2124 1242 hilariore

145 1282 544 1324 commutaturum
592 1275 713 1315 esse!
797 1271 967 1327 Quibus
1001 1270 1146 1315 causis
1174 1285 1225 1313 eo
1257 1270 1428 1316 Graeci
1460 1285 1736 1327 pervenere,
1782 1279 1854 1325 ut,
1900 1286 1983 1315 sua
2013 1271 2124 1315 freti

144 1349 431 1396 humanitate
463 1346 645 1401 suisque
679 1345 891 1388 omnibus
923 1344 1170 1396 institutis,
1209 1358 1256 1387 se
1284 1344 1553 1386 extollerent
1582 1359 1718 1400 supra
1749 1359 2004 1402 quemque,
2044 1350 2125 1402 qui

147 1439 238 1470 non
270 1428 367 1465 erat
399 1418 632 1473 Graecus,
667 1415 744 1461 sed
772 1416 993 1460 Barbarus
1021 1415 1279 1460 vocabatur.
1342 1415 1510 1459 Tantus
1542 1424 1640 1459 erat
1671 1414 1939 1459 animorum
1966 1416 2124 1477 vigor3

146 1514 232 1556 quo
265 1493 477 1550 impulsi,
511 1506 646 1548 quae,
694 1492 791 1534 Deo
823 1492 1030 1543 volente,
1061 1489 1307 1532 hominum
1339 1497 1472 1542 sunt,
1503 1505 1583 1545 pro
1614 1505 1720 1544 suo,
1753 1505 1841 1546 quo
1875 1491 2122 1545 florebant,

146 1568 327 1616 saeculo
359 1563 721 1623 praeclarissime
755 1570 861 1606 sunt
891 1561 1104 1606 exsecuti.

321 1721 388 1764 Ita
418 1727 463 1762 et
503 1717 714 1761 omnibus
755 1715 941 1773 quidem
984 1730 1127 1772 paene
1164 1715 1372 1759 numeris
1405 1715 1444 1759 si
1476 1715 1718 1760 laudamus
1748 1715 1981 1772 Graecos,
2029 1717 2123 1762 for-

143 1807 262 1842 tasse
291 1790 519 1851 quispiam
547 1788 813 1840 arbitratur,
848 1802 928 1830 nos
961 1802 1052 1830 non
1080 1801 1235 1843 posse,
1268 1786 1377 1842 quin
1409 1788 1663 1842 praeclaras
1698 1787 2005 1832 detrectemus
2029 1790 2130 1833 vir‘

145 1878 264 1914 tutes
309 1861 568 1909 nationibus
603 1858 793 1913 ceteris,
834 1874 948 1916 quae
993 1858 1179 1917 quidem
1223 1858 1382 1901 multis
1424 1867 1524 1915 post
1561 1859 1755 1903 saeculis
1786 1861 1888 1917 plus
1921 1860 2127 1918 profece-

145 1943 268 1995 rint,
320 1949 457 1996 quam
491 1934 561 1978 illi
594 1942 733 1977 antea.
822 1932 945 1991 Quod
981 1947 1069 1975 nos
1107 1930 1294 1989 quidem
1327 1945 1420 1974 non
1452 1931 1746 1990 ignoramus,
1795 1932 2002 1991 quodque
2037 1950 2126 1991 quo

146 2026 366 2074 negemus
411 2016 564 2066 pacto,
612 2005 881 2062 neutiquam
914 2004 1158 2058 habemus,
1206 2011 1280 2056 ut,
1327 2003 1368 2046 si
1406 2017 1596 2046 omnem
1628 2003 1994 2061 humanitatem,
2038 2005 2128 2050 hoo

146 2097 236 2142 est,
256 2097 414 2129 omnes
427 2089 599 2138 partes,
619 2079 781 2135 quibus
803 2077 997 2120 humani
1017 2076 1197 2134 generis
1217 2088 1350 2119 mens
1374 2076 1636 2141 continetur
1646 2108 1662 2130 ,
1689 2076 2127 2134 circumspicimus,

146 2157 451 2206 concedamus
462 2150 780 2204 libentissime,
791 2157 969 2192 nostrae
980 2147 1138 2191 aetatis
1151 2146 1372 2201 nationes,
1391 2162 1557 2207 genere
1573 2148 1735 2192 multis
1754 2150 1949 2194 saeculis
1969 2166 2130 2208 prove-

145 2243 243 2287 cto,
273 2245 322 2275 se
354 2225 546 2274 Graecis
578 2222 790 2280 plurimis
818 2222 866 2264 in
900 2221 1034 2264 rebus
1066 2220 1339 2277 adaequare,
1372 2221 1533 2263 multis
1556 2220 1696 2263 etiam
1721 2221 1781 2265 iis
1804 2237 2129 2278 praecurrere,

144 2303 384 2366 praecipue
418 2307 619 2343 nostram
651 2297 938 2353 juventutem
970 2293 1174 2351 pluribus
1218 2291 1471 2349 disciplinis
1505 2302 1551 2336 et
1582 2292 1761 2347 doctius
1793 2293 2001 2350 institui,
2044 2312 2130 2341 nec

146 2379 244 2425 sine
272 2377 387 2434 jure.
451 2371 540 2415 Sed
574 2369 648 2413 hic
678 2368 913 2427 agebatur,
956 2372 1031 2417 ut,
1074 2365 1122 2408 in
1157 2379 1242 2423 qua
1272 2363 1552 2423 gravissima
1584 2380 1633 2409 re
1661 2366 1921 2423 plurimum
1954 2367 2009 2411 ad
2042 2368 2130 2413 hoe

146 2466 288 2509 usque
320 2437 502 2504 tempus
537 2439 775 2489 valuerint
807 2441 1020 2484 omnium
1058 2438 1297 2499 gentium,
1338 2436 1672 2493 innueremus,
1713 2447 1767 2483 ut
1806 2439 1949 2482 etiam
1993 2450 2127 2501 atque
