2233 2752
949 45 1242 89 ..15-

102 167 216 210 endo
257 164 548 209 traduc-entes
580 173 651 218 et,
692 166 732 207 si
765 153 955 221 paulum
989 160 1293 220 migraverint
1325 159 1658 217 praescriptum
1699 159 1820 202 vitae
1851 159 2062 201 ordinem
2085 191 2096 210 ‚

100 239 314 298 gravibus
348 237 521 281 morbis
551 236 851 280 vehementer
881 234 1204 277 conflictantes.
1268 233 1540 275 Nostrorum
1580 238 1738 274 contra
1769 232 1996 287 juvenum
2029 232 2097 275 vi-

101 321 200 354 ctus
234 310 430 367 simplex
462 317 558 361 est,
592 309 776 365 qualem
798 307 858 351 ‘ab
894 308 1101 349 Homero
1132 306 1227 360 jam
1260 302 1471 347 didicerit
1495 304 1752 362 quispiam,
1781 304 1899 348 cibis
1921 305 2095 347 milites

102 399 206 427 suos
243 390 452 439 pascente
494 380 785 436 simplicibus
830 394 977 434 neque
1022 379 1115 419 ulla
1156 391 1324 433 magna
1366 379 1711 434 praeparatione
1744 376 2096 434 indigentibus,

102 455 374 518 praesertim
407 465 642 510 nunquam
682 450 1016 505 condimentis,
1047 450 1218 493 etenim
1250 449 1298 492 in
1332 448 1449 492 bello
1482 449 1625 493 veluti
1661 465 1796 494 canes
1839 449 2006 509 vigiles
2052 465 2095 492 o-

104 536 252 586 portet
282 541 358 569 eos
388 540 510 578 esse,
545 533 590 566 et
618 537 756 581 quam
790 523 1017 566 acerrime
1054 522 1208 566 videre
1240 530 1373 578 atque
1408 521 1589 574 audire,
1627 525 1887 579 multasque
1913 522 2093 565 vicissi-

105 600 286 645 tudines
320 598 368 641 in
399 596 761 654 expeditionibus
796 606 1047 652 aquarum,
1080 595 1316 647 ciborum,
1350 595 1557 637 calorum
1590 610 1642 638 ac
1674 594 1908 654 frigorum
1936 610 2093 652 perpe-

106 673 271 716 tientes
304 687 394 714 non
429 668 657 727 proclives
686 683 784 712 esse
816 668 869 712 ad
905 670 1118 711 morbum
1155 664 1225 716 56).
1303 667 1400 722 Qua
1440 665 1494 709 de
1535 681 1672 710 causa
1703 682 1893 725 corpora
1930 681 2093 711 eorum

108 763 132 791 a
155 747 446 803 Syracusana
471 757 628 787 mensa
650 773 665 797 ,
687 743 760 786 vel
786 741 941 786 Sicula
964 741 1136 798 opsonii
1157 740 1402 795 varietate,
1435 741 1508 784 vel
1532 741 1680 784 atticis
1708 742 1952 798 placentis,
1980 756 2094 799 quae

106 820 325 864 videntur
355 832 453 861 esse
486 816 702 869 deliciae,
748 815 1038 858 abstinebunt
1071 814 1155 868 3⁷),
1199 813 1398 867 accedit,
1442 813 1559 871 quod
1590 815 1742 873 legem
1772 815 2004 869 feremus,
2038 831 2093 858 ne

107 907 250 950 usque
281 890 338 934 ad
369 903 543 933 annum
577 887 1004 933 duodevicesimum
1041 887 1227 930 omnino
1261 886 1426 930 vinum
1465 895 1672 945 gustent,
1713 887 1954 941 docentes,
1999 902 2091 932 non

109 973 323 1022 oportere
350 962 422 1016 id,
463 970 683 1017 tanquam
725 960 881 1018 ignem
915 959 1038 1016 igni,
1079 960 1258 1015 coipori
1302 968 1347 1002 et
1382 959 1537 1002 animo
1569 959 1780 1013 infundi,
1824 962 2093 1018 priusquam

107 1037 163 1081 ad
194 1036 369 1080 labores
408 1034 633 1091 incipiant
675 1030 913 1091 progredi,
956 1030 1115 1074 deinde
1147 1041 1197 1074 ut
1223 1032 1390 1075 vinum
1421 1031 1607 1090 quidem
1638 1041 1823 1090 gustent
1854 1033 2093 1077 moderate

108 1111 163 1155 ad
194 1108 488 1152 tricesimum
522 1119 663 1162 usque
704 1117 903 1158 annum,
946 1105 1159 1147 ebrietate
1202 1114 1359 1148 autem
1393 1114 1437 1147 et
1464 1105 1717 1149 vinolentia
1749 1121 1935 1163 prorsus
1963 1108 2093 1164 juve-

108 1184 180 1229 nis
213 1197 261 1227 se
294 1180 517 1225 abstineat
551 1177 638 1233 38),
670 1192 813 1235 quum
847 1176 935 1220 hoc
966 1185 1088 1221 certe
1115 1192 1194 1221 nos
1228 1177 1511 1222 arbitremur
1542 1193 1566 1222 e
1589 1178 1821 1223 medicina
1843 1180 2095 1238 perspexis-

108 1273 181 1311 se,
224 1253 577 1298 incommodum
619 1266 716 1295 esse
763 1251 1031 1294 hominibus
1074 1251 1343 1294 ebrietatem
1388 1250 1465 1302 39).
1543 1253 1755 1310 Denique
1798 1253 2093 1300 Corinthiam

109 1329 308 1374 amicam
342 1327 508 1371 habere
547 1323 912 1381 vituperabimus
953 1323 1077 1368 viros
1106 1338 1295 1380 corpore
1329 1325 1562 1370 valituros.
1642 1326 1791 1381 Quam
1824 1325 2093 1371 universam

108 1401 297 1448 vivendi
329 1399 557 1443 rationem
595 1396 1005 1450 commendamus,
1047 1405 1284 1453 propterea
1316 1397 1435 1454 quod
1475 1411 1577 1441 eam
1610 1399 1876 1442 carminum
1910 1414 2095 1456 compo·-

109 1465 267 1521 siiioni
301 1482 346 1517 et
378 1470 534 1517 cantui
575 1483 734 1513 omnes
764 1469 1029 1513 harmonias
1071 1484 1375 1527 numerosque
1415 1471 1619 1518 yolventi
1655 1481 1971 1529 comparantes
2012 1488 2094 1516 nos

111 1549 159 1593 id
187 1564 278 1592 non
304 1549 437 1600 latet,
479 1543 597 1602 quod
625 1542 690 1586 ibi
722 1542 920 1587 varietas
952 1543 1101 1601 gignit
1132 1543 1541 1597 incontinentiam,
1578 1544 1655 1588 hio
1696 1535 1937 1599 morbum,
1982 1546 2094 1590 sim-

110 1619 289 1681 plicitas
322 1628 475 1664 autem
517 1616 723 1663 musicae
756 1616 804 1660 in
841 1615 1013 1660 animis
1044 1617 1423 1673 temperantiam,
1462 1617 1778 1676 gymnasticae
1812 1618 1861 1661 in
1894 1619 2095 1676 corpori-

110 1693 466 1750 bus'sanitatem
500 1692 575 1738 l*⁰).

289 1771 578 1826 Palaestritae
611 1777 756 1836 igitur
783 1786 829 1822 et
861 1776 1031 1822 medici
1064 1786 1155 1831 est,
1188 1758 1338 1832 cibos,
1371 1778 1449 1836 qui
1481 1778 1575 1822 sint
1604 1779 1834 1835 salubres,
1870 1780 1949 1838 qui
1973 1780 2095 1825 insa-

111 1856 289 1909 lubres,
319 1854 573 1911 exploratos
604 1850 796 1905 habere,
829 1864 1005 1895 namxv.
1043 1865 1084 1909 g.
1119 1849 1219 1893 fieri
1251 1859 1422 1908 potest,
1455 1860 1506 1894 ut
1537 1851 1729 1895 bubulae
1759 1867 1947 1908 carnes,
1979 1869 2095 1911 quae

111 1927 445 1988 pan-cratiastae
485 1924 666 1981 corpori
707 1924 891 1967 robusto
934 1924 1210 1976 conducant,
1264 1924 1390 1978 aliis,
1441 1924 1519 1967 illo
1563 1924 1887 1980 debilioribus,
1937 1927 2097 1971 minus

113 1999 374 2047 conduciles
413 1999 649 2055 justaeque
689 1996 784 2040 sint
827 1997 902 2044 (Η).
975 1995 1249 2044 Praesertim
1283 1996 1340 2040 iis
1373 2011 1462 2039 non
1495 2005 1563 2040 est
1602 1998 2095 2054 praetermittendum,

524 2125 608 2133 s.—

141 2195 210 2243 36)
263 2195 415 2233 Politia
438 2194 498 2230 111.
526 2199 611 2234 403.
640 2204 677 2229 e.
705 2211 754 2218 —
781 2196 868 2235 [⁸04-
895 2192 932 2228 b.
963 2194 1014 2228 cf.
1044 2189 1173 2228 Rival.
1207 2197 1289 2229 ιω.
1323 2203 1357 2227 c.
1386 2203 1471 2240 sqq.

141 2247 210 2293 εγ)
263 2245 416 2284 Politia
443 2244 500 2280 111.
528 2248 613 2284 404.
641 2242 680 2279 d.
708 2243 754 2278 cf
790 2242 917 2292 Gorg.
945 2245 1033 2278 510.
1062 2242 1100 2278 b.
1126 2252 1160 2276 c.

87 2334 90 2338 ,
142 2300 209 2340 58)
260 2297 388 2346 Legg.
425 2295 466 2331 11.
496 2290 582 2330 666.
610 2305 646 2330 a.
672 2292 710 2329 b.
738 2289 825 2336 674.
858 2303 893 2328 a.
923 2292 961 2328 b.
990 2303 1026 2328 c.

143 2354 209 2393 39)
265 2346 404 2393 Symp.
439 2342 520 2390 176.
548 2344 586 2380 d.

143 2397 210 2440 40)
263 2396 409 2431 Politia
440 2395 485 2430 Ill
527 2400 611 2435 404.
642 2393 680 2429 d.
710 2404 745 2428 e.

140 2447 207 2491 ιιι)
259 2445 422 2496 Protag.
460 2452 547 2482 313.
578 2444 615 2481 d.
648 2443 775 2494 Gorg.
804 2444 889 2487 5¹7·
921 2451 955 2477 e.
985 2442 1071 2478 518.
1099 2452 1133 2477 a.
1163 2437 1265 2477 Crit.
1296 2439 1382 2486 [⁴76.
1415 2441 1538 2478 Polit.
1567 2442 1599 2479 1.
1630 2445 1714 2481 ³³3.
1749 2455 1781 2480 c.
