2305 2776
1001 102 1296 143 ...10-

149 222 208 265 sit
228 228 273 263 et
291 218 498 263 universi
517 220 666 263 animi
689 220 1060 278 procurationem
1081 218 1266 272 habeat,
1295 227 1345 261 ut
1364 232 1412 262 se
1429 219 1674 276 'subjiciam
1707 221 1824 277 quod
1845 236 1931 279 quo
1957 218 2142 265 facilius

147 293 253 347 fiat,
284 290 553 336 iracundiae
578 292 711 352 vigor
734 294 796 342 (τό
814 294 1020 342 θυμοειδές)
1046 299 1223 348 praesto
1249 304 1347 335 esse
1362 290 1491 336 debet
1502 292 1694 338 adillius
1705 291 1804 338 vim
1819 293 2146 346 cohibendam,

148 366 323 411 rationi
355 364 569 408 obediens
605 366 795 423 ejusque
837 365 1016 409 decreta
1050 363 1320 407 fortitudine
1352 379 1602 422 exsequens
1644 371 1716 414 ι7).
1790 367 1855 410 At
1892 366 2019 409 enim
2059 366 2146 409 hac

152 440 277 483 inter
309 436 456 481 animi
498 435 674 495 species
716 437 1022 481 concinnitate
1065 442 1328 494 praecepta,
1369 435 1422 481 de
1454 438 1849 495 praestantissima
1882 437 2149 482 existiman-

153 506 290 565 «tum,
321 508 466 554 deum'
494 510 662 568 cuique
694 525 799 554 eam
833 509 1008 553 dedisse
1041 518 1092 552 ut
1123 510 1347 576 genium,
1388 510 1467 568 qui
1500 510 1548 553 in
1580 525 1767 554 summo
1801 523 1989 569 corpore
2020 511 2146 554 habi-

152 594 217 630 tet
248 593 293 629 et
320 592 508 642 propter
538 583 657 628 caeli
687 582 1007 644 cognationem
1041 597 1122 626 nos
1156 597 1181 625 a
1212 591 1362 637 terra,
1402 591 1620 642 tanquam
1651 583 1907 630 animantia
1937 601 2027 630 non
2060 593 2149 628 ter·
2183 622 2186 626 ,

154 674 295 712 rena,
328 657 408 700 sed
441 657 682 711 caelestia,
715 658 912 711 attollat,
942 669 1079 713 quare
1110 655 1176 708 is,
1206 671 1308 712 qu1,
1341 655 1450 699 huic
1482 658 1617 716 genio
1639 657 1918 701 observando
1947 657 2148 712 dicatus,

157 730 364 777 discendi
397 744 608 774 amorem
640 730 935 786 veritatisque
966 726 1277 786 cognitionem
1310 729 1468 776 coluit,
1500 737 1545 772 et
1577 728 1626 772 in
1659 729 1731 773 his
1762 745 1870 786 prae
1890 731 2055 774 ceteris
2078 747 2149 773 re-

157 807 243 849 bus
281 819 329 849 se
369 802 601 863 exercuit,
652 810 876 860 quantum
923 809 1083 845 natura
1125 799 1329 844 humana
1375 801 1738 846 immortalitatis
1778 810 1924 860 potest
1959 817 2146 861 compos

159 894 287 931 esse,
328 878 380 920 ab
423 891 476 919 ea
509 877 639 919 nullo
672 875 811 918 modo
844 874 1043 927 deficiet;
1086 886 1370 931 quamquam
1403 872 1460 918 ad
1487 888 1648 918 omnes
1680 883 1773 919 tres
1804 875 1978 934 species
2011 876 2150 934 perti-

160 961 238 996 net
269 952 450 995 cultura
478 948 622 1004 haec,
667 957 718 991 ut
755 948 1075 993 convenientes
1109 947 1276 1004 cuique
1307 947 1535 992 motiones
1568 962 1621 991 ac
1647 956 1868 1006 tanquam
1899 958 2053 1006 pastus
2086 959 2151 994 at-

160 1026 434 1069 tribuamus.
513 1023 638 1078 Quae
669 1021 827 1065 omnia
854 1021 894 1065 si
925 1020 1172 1073 concinne,
1206 1028 1252 1063 et
1279 1019 1365 1064 ista
1400 1019 1588 1078 quidem
1620 1022 1824 1077 ratione,
1863 1021 1913 1066 in
1942 1022 2147 1068 hominis

154 1085 342 1143 ⁶cultum
375 1095 570 1149 cadunt,
600 1095 828 1138 fieri.non
858 1102 1021 1150 potest,
1054 1093 1166 1150 quin
1200 1093 1387 1136 exsistat
1419 1094 1522 1147 ille,
1560 1096 1640 1151 qui
1672 1094 1912 1150 justitia
1955 1096 2149 1150 dicitur,

163 1170 313 1215 animi
342 1168 549 1221 habitus,
590 1181 728 1225 quem
758 1165 860 1210 sine
892 1163 1202 1209 controversia
1234 1165 1543 1222 quarumlibet
1574 1167 1800 1210 virtutum
1836 1178 1934 1211 esse
1966 1177 2149 1213 conten-

163 1244 319 1287 dimus
353 1253 622 1294 summam,
663 1239 808 1284 simul
838 1238 912 1292 id,
953 1237 1069 1296 quod
1110 1238 1267 1282 animo
1304 1246 1351 1283 et
1389 1238 1670 1282 instituendo
1701 1247 1746 1282 et
1778 1239 2010 1284 educando
2044 1257 2150 1286 con-

161 1324 400 1361 sectamur
438 1311 512 1360 ι8).

1095 1413 1132 1459 §.
1191 1411 1237 1456 4.

345 1502 504 1557 Itaque
544 1515 601 1543 ex
641 1500 724 1553 iis,
765 1513 880 1556 quae
910 1499 1046 1541 modo
1075 1497 1131 1541 de
1160 1499 1478 1557 gymnasticae
1519 1508 1564 1543 et
1593 1499 1800 1544 musicae
1826 1500 1876 1545 vi
1909 1515 1963 1545 ac
1992 1511 2153 1546 natura

166 1577 396 1628 diximus,
427 1573 563 1617 alteri
595 1573 838 1616 sanitatem
868 1571 1255 1631 progignendam‚
1283 1570 1416 1614 alteri
1447 1571 1676 1627 justitiam
1698 1573 1975 1628 tribuentes,
2003 1577 2153 1620 elucet

166 1650 318 1691 malae
347 1646 588 1701 turpisque
620 1642 903 1686 educationis
930 1645 977 1686 in
1008 1643 1194 1687 civitate
1224 1643 1541 1686 certissimum
1577 1659 1676 1688 esse
1716 1654 2070 1704 argumentum,
2112 1650 2152 1694 si

166 1718 364 1773 medicis
405 1725 453 1760 et
490 1715 723 1773 judicibus
762 1716 975 1774 perfectis
1006 1716 1244 1775 indigeant
1275 1731 1367 1758 non
1399 1717 1551 1759 solum
1583 1717 1644 1771 ii,
1689 1718 1767 1773 qui
1799 1717 1915 1768 viles
1943 1729 2052 1764 sunt
2082 1736 2152 1764 ar-

164 1803 325 1850 tesque
364 1789 615 1833 illiberales
653 1796 889 1843 exercent,
924 1802 1088 1834 verum
1128 1788 1269 1831 etiam
1298 1786 1360 1843 ii,
1402 1789 1481 1845 qui
1512 1788 1751 1833 liberalem
1782 1802 1890 1847 prae
1920 1805 1968 1834 se
2000 1791 2155 1838 ferunt

165 1861 523 1910 institutionem.
605 1861 812 1917 Namque
852 1862 992 1904 altera
1034 1860 1306 1905 instituendi
1346 1860 1615 1917 disciplina,
1656 1861 1839 1904 etiamsi
1872 1863 1928 1904 ad
1953 1868 2156 1921 corporis

164 1945 350 1982 tantum
406 1932 752 1978 deformitatem
795 1932 1022 1991 pertinere
1061 1932 1300 1988 videatur,
1349 1932 1583 1979 medicina
1628 1932 1803 1979 morbis
1843 1935 2080 1993 medente,
2131 1956 2156 1985 a

164 2000 395 2072 principio
428 2018 586 2052 tamen
628 2016 762 2064 atque
801 2007 1016 2050 continuo
1058 2007 1114 2051 ad
1154 2008 1336 2050 morbos
1379 2022 1556 2064 quoque
1589 2008 1910 2065 opprimendos
1943 2010 2156 2057 adscisci-

163 2094 259 2131 tur.
318 2082 473 2140 Atque
507 2080 671 2125 eodem
699 2079 837 2122 modo
869 2079 1097 2124 musicam
1129 2094 1209 2124 seu
1231 2080 1400 2124 mentis
1419 2080 1779 2125 conformandae
1805 2091 1955 2126 artem
1977 2083 2032 2128 ad
2052 2086 2154 2130 uni-

161 2162 351 2205 versam
386 2155 574 2213 quidem
613 2152 924 2212 ignorantiam
961 2161 1187 2210 spectare,
1228 2161 1447 2211 tanquam
1477 2152 1625 2197 animi
1658 2152 2035 2216 deformitatem,
2075 2160 2151 2203 sed

163 2229 414 2293 pravitates
448 2226 597 2272 animi
629 2225 773 2270 etiam
803 2227 877 2271 vel
910 2227 1118 2280 morbos,
1149 2240 1204 2269 ex
1234 2226 1456 2270 seditione
1487 2226 1591 2270 illos
1621 2240 1810 2282 eorum,
1844 2243 1960 2285 quae
1992 2236 2150 2277 natura

168 2296 361 2365 cognata
383 2310 517 2356 sunt,
551 2298 796 2354 oriundos,
837 2297 870 2345 i.
901 2312 937 2342 e.
979 2298 1288 2363 injustitiam,
1319 2298 1639 2352 insolentiam,
1673 2300 1999 2355 timiditatem,
2031 2303 2146 2349 vica-

194 2450 258 2498 ιγ)
314 2452 467 2488 Politia
498 2450 568 2488 lv.
595 2455 684 2492 4³4·
712 2460 821 2498 0,-
846 2452 932 2489 444.
959 2446 999 2483 d.
1051 2446 1161 2484 Tim.
1189 2451 1252 2492 70.
1279 2464 1330 2473 —
1356 2453 1417 2492 γι.
1447 2460 1483 2484 a⁴

196 2501 259 2547 ιθ)
315 2499 468 2538 Politia
491 2501 562 2538 lv.
588 2506 677 2542 444.
702 2511 739 2535 c.
765 2498 805 2535 d,
831 2508 868 2534 e.

2271 260 2305 272 ἱι
