2233 2752
945 46 1243 89 —23-

95 160 351 212 doctrinae,
398 168 443 203 et
471 161 570 217 ejus
602 161 790 219 quidem
821 159 999 205 latioris
1032 160 1256 215 ambitus,
1287 170 1339 204 ut
1369 160 1504 219 periti
1537 161 1653 214 sint,
1688 168 1821 218 atque
1849 157 2085 217 physiolo-

93 236 221 292 giae,
253 247 340 290 qua
365 234 544 277 ratione
576 233 863 277 recentiores
893 234 1070 287 colunt,
1104 233 1151 276 id
1183 233 1364 278 disertis
1390 234 1774 290 verbis-postulat.
1825 228 1828 230 ’
2018 230 2021 232 ’

272 321 399 365 Haec
432 319 577 381 igitur
604 329 734 374 sunt,
777 321 966 379 quibus,
1010 318 1121 364 licet
1151 321 1297 364 obiter
1328 320 1670 375 tantummodo,
1708 319 1959 365 affudimus
2001 318 2082 363 ali-

94 394 199 453 quid
234 394 367 441 lucis.
431 394 601 438 Omnia
631 409 767 448 vero,
797 407 928 452 quae,
960 393 1101 438 variis
1129 393 1177 437 in
1208 394 1397 453 dialogis
1427 394 1626 452 disperse
1658 402 1703 438 et
1748 393 1913 438 diffuse
1942 391 2081 453 dictu,

92 484 244 511 unum
265 468 346 510 sub
381 467 644 523 adspectum
678 468 986 523 subjecimus,
1018 466 1059 510 si
1087 467 1168 510 tali
1199 467 1335 523 modo
1365 469 1493 524 juvat
1521 467 1985 511 commendatissima
2006 480 2080 509 ac-

91 541 270 598 cipere,
303 539 463 597 quaeri
491 548 660 597 potest,
705 555 762 583 an
796 537 914 584 nihil
948 537 1135 585 tandem
1165 539 1225 584 sit
1247 540 1590 600 gymnasticae,
1633 539 1749 598 quod
1783 539 1959 583 Platoni
1990 537 2079 595 ipsi

93 615 168 658 vel
198 613 585 668 vituperandum,
615 613 689 656 vel
721 615 856 669 plane
889 612 1201 654 damnandum
1233 613 1293 656 sit
1322 613 1475 656 visum
1508 616 1528 657 ’.Ρ
1618 613 1709 658 Cui
1742 611 2000 670 quaestioni
2029 619 2081 654 ut

93 685 456 739 satisfaciamus,
498 685 718 743 quoniam
751 685 969 728 nonnulla
1001 684 1277 742 hujusmodi
1299 694 1428 739 sunt,
1472 698 1732 744 quanquam
1769 700 1865 742 non,
1892 699 1953 727 ex
1981 691 2079 729 arte

93 757 220 818 ipsu,
258 757 337 802 sed
376 773 432 801 ex
464 773 679 815 perverso
712 759 810 814 ejus
856 773 943 802 usu
975 756 1192 812 oriunda,
1226 760 1491 803 evolvam-us
1523 753 1681 802 rursus
1714 757 1973 815 philosophi
1997 771 2079 799 no-

90 833 175 877 stri
208 845 357 888 opera.
421 831 633 873 Primum
664 831 713 873 in
741 831 949 890 dialogo,
981 830 1059 887 qui
1092 831 1289 889 Gorgias
1319 828 1387 884 6¹)
1435 831 1727 886 inscribitur,
1759 831 1982 890 legimus,
2026 838 2079 872 ut

89 903 364 951 summatim
393 904 677 958 referamus,
707 904 923 961 corporisx
946 904 1046 948 vim
1077 912 1121 946 et
1151 903 1442 964 agilitatem,
1464 917 1605 961 quam
1635 904 1735 961 quis
1767 902 2075 962 gymnasticis

89 975 321 1022 exercitiis
355 984 515 1020 nactus
547 976 650 1019 aliis
685 975 895 1034 superior
923 981 1010 1031 sit,
1043 976 1093 1020 in
1122 977 1302 1021 nullius»
1327 976 1548 1034 injuriam
1578 991 1675 1021 esse
1696 974 2075 1020 convertendam.

90 1051 182 1096 sed
212 1049 266 1092 de
298 1048 370 1093 his
402 1049 539 1093 infra.
602 1049 781 1093 Deinde
816 1050 944 1093 nobis
976 1059 1222 1094 occurrunt
1250 1050 1389 1094 verba
1421 1050 1478 1093 in'
1498 1050 1629 1093 libris
1660 1049 1714 1092 de
1739 1048 1916 1106 legibus
1939 1047 2076 1091 haec-

94 1140 145 1170 ce
177 1120 264 1172 62):
303 1121 519 1177 „videtur
553 1121 745 1166 difficile
775 1137 875 1167 esse
907 1122 960 1167 de
992 1123 1133 1167 rebus·
1157 1122 1209 1167 ad
1246 1123 1482 1168 civitatem
1502 1122 1818 1180 ‘spectantibus
1850 1133 1992 1178 aeque
2024 1132 2076 1163 re

90 1207 136 1242 et
173 1195 326 1242 verbis
367 1194 489 1238 haud
529 1194 774 1253 ambigere.
852 1197 970 1239 Nam
1018 1195 1408 1253 quemadmodum
1453 1196 1503 1238 in
1543 1195 1806 1252 corporibus
1848 1193 1951 1236 fieri
1982 1206 2076 1234 non

87 1279 257 1331 potest,
289 1276 348 1311 ut
371 1268 552 1324 corpori
582 1268 675 1316 uni
697 1283 846 1312 unum
879 1269 1085 1312 studium
1117 1268 1477 1326 praescribatur,
1521 1268 1639 1326 quod
1671 1283 1761 1310 non
1789 1262 1914 1310 idem
1946 1280 2076 1322 repe·

85 1344 236 1388 riatur
264 1338 431 1398 partim
463 1354 663 1396 corpora
681 1349 836 1391 nostra
869 1341 1067 1396 laedens,
1099 1341 1270 1398 partim
1284 1341 1473 1397 juvans,
1505 1340 1573 1384 sic
1594 1349 1638 1384 et
1658 1339 1706 1383 in
1727 1338 1941 1392 civitate3
1963 1351 2076 1381 nam

88 1413 331 1476 gymnasia
364 1427 541 1469 quoque
573 1412 650 1455 illa
690 1422 736 1456 et
775 1414 990 1458 convivia
1032 1414 1302 1477 communia
1340 1413 1499 1457 multis
1539 1413 1642 1457 aliis
1680 1413 1729 1456 in
1768 1413 1904 1455 rebus
1949 1424 2075 1454 nunc

88 1498 279 1547 prosunt
310 1483 597 1539 civitatibus,
632 1485 684 1529 ad
702 1486 965 1530 seditiones
997 1501 1106 1531 vero
1139 1485 1297 1544 gravia
1331 1501 1378 1529 se
1412 1474 1650 1540 exhibent-3
1695 1484 1741 1528 id
1776 1484 1895 1542 quod
1923 1491 2073 1527 osten-

89 1563 203 1607 dunt
235 1558 552 1612 Milesiorum,
593 1560 893 1615 Boeotorum,
939 1560 1219 1604 Thuriorum
1261 1559 1358 1603 filii.
1435 1560 1585 1616 Atque
1625 1558 1765 1602 etiam
1805 1557 2074 1602 institutum

86 1638 175 1681 hoc
207 1648 232 1676 a
252 1621 469 1690 ‘pristinis
511 1632 616 1675 inde
649 1630 931 1691 temporibus
962 1635 1062 1693 lege
1107 1633 1338 1677 sancitum
1369 1633 1595 1675 naturales
1627 1630 1801 1675 amoris
1836 1630 2075 1688 appetitio·-

87 1725 169 1761 με,
211 1722 303 1763 non
345 1705 496 1755 solum
535 1705 806 1760 hominum,
858 1720 1025 1752 verum
1078 1706 1218 1751 etiam
1257 1704 1532 1755 animalium
1575 1703 1758 1748 videtur
1797 1703 2071 1762 corrupisse.

88 1783 235 1837 Cujus
276 1777 463 1836 quidem
505 1777 575 1820 rei
615 1794 803 1822 causam
847 1779 1321 1823 Lacedaemoniorum
1372 1786 1417 1820 et
1459 1777 1759 1822 Cretensium
1808 1777 2075 1821 civitatibus

83 1853 254 1919 ⁴primis
288 1851 518 1910 quispiam
551 1852 812 1896 attribuerit
842 1853 1143 1912 omnibusque
1174 1849 1387 1910 reliquis,
1430 1864 1543 1906 quae
1574 1850 1779 1894 maixime
1814 1849 2076 1894 exercitati·

86 1943 194 1974 ones
227 1925 548 1985 gymnasticae
574 1923 846 1986 attingunt“.

265 2010 630 2070 Graeciaeigitur,
661 2013 875 2070 magistri
902 2013 1219 2072 gymnasticae
1254 2010 1469 2054 omnium
1512 2013 1806 2054 saeculorum
1842 2021 2078 2069 praestan·

89 2087 288 2142 tissimi,
339 2082 561 2144 quidquid
599 2084 660 2128 sit
695 2085 1123 2143 reprehendendum
1155 2083 1292 2141 hujus
1323 2083 1371 2128 in
1406 2083 1516 2129 artis
1555 2098 1669 2139 usu,
1709 2085 1821 2131 satis
1853 2074 2079 2148 cognove-

90 2179 167 2218 ην,
198 2158 413 2220 cognovit
445 2167 490 2200 et
520 2157 616 2214 ipse
649 2159 796 2211 Plato,
826 2159 906 2215 qui
936 2172 1122 2202 summa
1152 2156 1504 2215 philosophandi
1539 2158 1754 2202 facultate
1788 2175 1976 2217 operam
2000 2161 2076 2205 do-

92 2237 183 2291 dit,
225 2243 278 2278 ut
314 2246 365 2277 ea
395 2230 505 2276 artis
530 2229 754 2275 educandi
784 2245 888 2288 pars
920 2230 973 2275 ab
1007 2231 1221 2275 omnibus
1245 2239 1298 2275 vet
1326 2229 1666 2288 perspiceretur
1695 2241 1743 2276 et
1774 2234 2079 2292 acciperetur.

115 2398 188 2445 64)
305 2395 536 2437 456.‹1.--
558 2399 699 2448 ῥεῖ-,ει

240 2409 278 2485 p.
300 2458 337 2495 p.
362 2443 451 2483 636.
562 2456 566 2459 ·
