2233 2752
975 106 1271 148 .-11.--

132 229 202 272 ria
240 224 414 270 ratione
457 228 505 271 in
551 227 761 271 virtutes.
785 223 1039 269 contrarias
1069 229 1336 266 convertere
1370 220 1631 276 educando,
1671 230 1793 266 recte
1830 221 2115 266 contenderit

131 299 383 358 quispiam,
417 301 502 345 etsi
533 300 633 344 istis
665 296 966 357 pravitatibus
996 296 1209 341 omnium
1238 295 1411 339 artium
1430 296 1610 353 proprie
1629 296 2111 340 accommodatissima

130 374 189 417 sit
220 372 448 432 castigans
482 372 741 430 jurisdictio
781 376 854 418 ¹9).

305 461 396 505 Sed
426 460 544 514 vita,
576 460 716 518 quae,
747 460 1035 520 gymnastica
1069 467 1114 502 et
1145 457 1322 502 musica
1351 458 1699 513 opitulantibus,
1732 460 1934 516 corporis
1960 463 2110 505 omni-

131 545 187 575 no
221 542 267 576 et
294 533 442 576 animi
470 547 633 577 curam
666 533 723 577 ad
753 532 976 578 virtutem
1009 531 1339 590 assequendam
1367 532 1507 590 clegit
1535 532 1820 587 rectissime,
1853 534 1981 577 omni
2015 537 2107 593 ple-

131 622 186 652 na
217 608 277 650 sit
307 607 568 660 vacatione,
601 608 726 650 nulla
757 607 882 649 enim
917 622 1051 663 opera
1083 605 1314 648 subsiciva
1340 604 1670 660 impedimento
1703 621 1799 649 esse
1831 608 1984 660 debet,
2019 624 2105 666 quo

131 679 284 724 minus
311 679 563 722 liberorum
596 680 706 734 filii,
740 679 808 722 uti
840 678 1020 735 corpori
1048 679 1221 721 labores
1254 686 1302 720 et
1334 671 1672 720 n'utrimentum
1707 680 2009 734 conveniens,
2039 682 2106 724 sic

129 751 284 795 animo
315 751 519 795 tribuant
547 751 809 809 disciplinas
837 759 885 794 et
923 766 1074 803 mores
1113 755 1198 806 ΜΓ,
1261 749 1362 793 ideo
1391 764 1579 794 somnus
1613 767 1786 809 quoque
1818 768 2005 809 prorsus
2036 754 2106 797 fu-

125 825 317 883 giendus
347 833 415 868 est
447 826 645 878 multus,
678 825 757 882 qui
789 838 934 883 neque
961 824 1241 880 corporibus,
1276 838 1422 880 neque
1455 823 1625 867 animis
1656 826 1837 880 nostris,
1869 842 2014 884 neque
2036 844 2104 871 re-

130 900 210 942 bus
242 897 328 942 hac
364 898 412 942 in
446 913 582 942 causa
613 897 825 957 gerendis
848 886 1190 942 'consentaneus
1222 906 1292 941 est
1324 905 1485 941 natura
1522 901 1592 945 2¹).
1667 898 1930 955 Gymnasia
1963 902 2106 959 igitur

129 980 174 1015 et
206 971 387 1015 scholae
419 972 572 1015 media
603 972 651 1015 in
682 972 792 1015 urbe
825 980 932 1015 sunt
958 970 1186 1027 tripartito
1219 969 1520 1020 aedificanda3
1551 971 1662 1014 foris
1696 980 1848 1014 autem
1879 973 2003 1017 circa
2028 991 2103 1018 up-

127 1046 232 1089 bem
266 1054 367 1088 tum
400 1060 625 1102 equorum
661 1045 907 1102 gymnasia
932 1044 1153 1087 similiter
1178 1043 1407 1100 tripartito
1438 1044 1731 1098 exstruenda,
1764 1054 1866 1088 tum
1887 1048 1985 1091 loca
2007 1064 2106 1105 spa-

128 1114 244 1162 tios'a
277 1117 332 1161 ad
363 1117 609 1175 sagittandi
639 1117 959 1174 jaculandique
982 1117 1200 1160 exercitia
1233 1115 1644 1171 accommodanda3
1695 1118 1741 1160 in
1786 1118 1858 1160 his
1903 1135 2011 1162 vero
2060 1137 2104 1164 ο-

131 1191 315 1233 mnibus
344 1199 655 1247 praeceptores
688 1189 949 1247 peregrini,
980 1189 1075 1246 qui,
1105 1190 1151 1231 in
1180 1204 1358 1247 quoque
1386 1203 1554 1248 genere
1589 1190 1800 1233 mercede
1822 1191 2017 1246 adducti,
2040 1195 2100 1236 ibi

127 1263 356 1316 habitant,
384 1262 550 1306 docere
579 1261 742 1305 debent
767 1275 950 1317 omnes,
983 1277 1096 1320 quae
1129 1262 1182 1305 ad
1212 1263 1386 1305 bellum
1414 1271 1458 1305 et
1479 1262 1705 1306 musicam
1739 1264 1990 1319 pertinent,
2039 1267 2104 1309 di·

128 1336 344 1394 sciplinas
378 1350 430 1378 eo
466 1334 739 1379 ventitantes
762 1336 998 1393 ·]'uvenes,
1039 1350 1129 1378 non
1162 1336 1224 1378 ita
1263 1334 1476 1392 quidem,
1531 1343 1581 1377 ut
1622 1335 1659 1378 is
1693 1335 1909 1380 duntaxat
1952 1339 2102 1395 filius,

129 1422 267 1466 quem
301 1402 429 1466 pater
459 1407 683 1462 voluerit,
727 1408 890 1451 ludum
923 1409 1200 1466 frequentet,
1241 1423 1383 1465 quem
1416 1424 1524 1451 vero
1563 1410 1783 1463 noluerit,
1827 1411 1863 1453 is
1903 1411 2103 1469 discipli-

128 1497 208 1525 nas
243 1481 407 1525 missas
440 1480 577 1523 faciat
615 1485 700 1535 22),
734 1495 880 1538 neque
912 1489 962 1525 ut
994 1489 1072 1525 aut
1101 1489 1228 1539 pater
1254 1481 1350 1524 filio
1378 1480 1636 1539 permittat,
1665 1490 1743 1524 aut
1775 1482 1886 1539 ipsi,
1931 1485 2004 1528 vel
2040 1485 2104 1529 di-

131 1554 288 1599 scendi
321 1554 485 1610 cupido
518 1555 591 1596 vel
626 1571 715 1597 non
745 1554 933 1610 cupido,
972 1554 1340 1611 permissumsit
1371 1555 1551 1613 longius
1593 1557 1666 1597 vel
1700 1556 1883 1599 brevius
1921 1565 2103 1614 tempus

127 1629 174 1670 in
206 1628 276 1670 his
304 1626 437 1669 rebus
468 1634 626 1669 contra
658 1627 778 1684 leges
810 1640 1023 1682 sumere,
1055 1626 1156 1679 sed,
1190 1624 1307 1683 quod
1340 1627 1492 1682 ajunt,
1522 1625 1670 1682 quivis
1702 1626 1777 1671 vir
1807 1636 1852 1670 et
1880 1643 1993 1685 puer
2023 1647 2102 1687 pro

127 1701 326 1753 viribus,
360 1700 523 1756 quippe
554 1699 636 1755 qui
664 1700 812 1758 magis
842 1700 935 1743 sint
967 1698 1189 1750 civitatis,
1220 1711 1359 1754 quam
1392 1708 1661 1754 parentum,
1695 1703 1951 1744 necessario
1976 1705 2104 1747 insti·

128 1772 323 1816 tuendus
360 1773 430 1820 Ω5).
505 1771 592 1827 Qui
626 1786 733 1815 vero
766 1770 820 1814 ad
852 1771 1184 1815 humanitatem
1217 1779 1323 1814 sunt
1352 1770 1656 1826 informandi,
1699 1771 1798 1815 sine
1833 1774 2104 1836 paedagogis

128 1845 399 1901 quibusdam
433 1859 523 1886 non
552 1845 907 1900 frequentabunt
935 1844 1113 1895 ‚scholas
1152 1845 1222 1887 vel
1254 1844 1525 1899 gymnasia3
1563 1858 1669 1885 nam
1704 1858 1892 1900 pueros,
1934 1862 2103 1904 quum,

128 1932 213 1976 quo
246 1916 393 1977 magis
425 1914 693 1973 prudentiae
727 1916 902 1960 fontem
936 1915 1138 1960 nondum
1170 1915 1362 1969 habent,
1403 1931 1453 1959 eo
1486 1911 1771 1961 difficiliores
1814 1934 1922 1975 prae
1956 1924 2106 1966 omni-

126 1993 209 2034 bus
243 1990 517 2033 animalibus
545 1989 601 2031 ad
641 1990 934 2033 tractandum
986 1991 1102 2042 sint,
1157 1989 1393 2046 primum,
1444 2004 1469 2031 a
1512 1989 1769 2033 nutricibus
1802 2000 1847 2034 et
1880 1995 2106 2039 matribus

128 2064 206 2108 ubi
249 2064 518 2115 discessere,
561 2070 734 2118 oportet
774 2077 856 2118 per
897 2062 1202 2121 paedagogos,
1245 2061 1374 2118 quasi
1416 2061 1568 2105 frenos
1610 2062 1860 2118 quosdam,
1910 2067 2107 2121 vinciri,

127 2146 359 2195 praeterea
391 2149 564 2195 quoque
597 2149 678 2191 per
706 2135 952 2196 magistros
971 2137 1302 2198 cujuscumque
1322 2133 1434 2177 artis
1466 2142 1509 2176 et
1540 2149 1622 2190 per
1638 2134 1932 2193 disciplinas,
1956 2149 2107 2196 utpote

155 2309 220 2352 19)
247 2312 251 2314 ⁴
275 2301 429 2342 Politia
455 2304 514 2339 111.
545 2308 631 2344 [4014.
660 2314 695 2339 e.
721 2321 772 2328 —
799 2305 885 2344 405.
913 2315 950 2341 e.
1004 2303 1188 2354 Sophist.
1216 2300 1301 2341 226.
1329 2314 1364 2339 e.
1393 2321 1442 2328 —
1468 2307 1555 2349 229.
1580 2315 1616 2340 a.

152 2362 222 2396 20)
275 2356 404 2404 Legg.
433 2354 518 2391 Vll.
548 2356 635 2397 807.
665 2365 698 2389 c.
725 2353 764 2389 d.
892 2381 894 2384 ⁴
986 2382 989 2387 ,

150 2403 219 2450 2¹)
272 2405 401 2455 Legg.
428 2404 513 2442 Vll.
537 2405 623 2441 308.
649 2403 689 2440 b.

153 2458 220 2497 22)
272 2455 401 2503 Legg.
429 2455 514 2490 Vll.
539 2456 626 2495 804.
654 2465 689 2489 c.
713 2472 764 2478 -—
789 2452 829 2489 d.

152 2507 219 2551 23)
272 2505 401 2556 Legg.
430 2504 515 2543 Vll.
541 2505 691 2549 Sioda.
716 2504 802 2546 804.
819 2501 865 2541 d.
