2233 2752
986 91 1253 136 ...7.-

300 208 471 267 Quibus
503 208 557 254 de
589 207 792 253 humano
822 208 980 254 animo
1009 216 1143 267 atque
1174 205 1365 251 homine
1392 215 1484 250 toto
1518 206 1808 264 praemissis,
1847 207 1965 261 jam,
1999 220 2117 264 quae

122 284 182 326 sit
209 283 309 336 via,
343 298 430 339 qua
462 281 638 325 morbis
667 290 712 324 et
743 281 893 325 animi
923 291 970 324 et
1000 281 1205 338 corporis
1238 279 1300 322 sit
1328 271 1612 322 medendum
1643 280 1693 322 in
1716 278 1980 332 educando,
2019 293 2114 321 ma·

121 356 192 415 gis
222 351 460 414 perspicue
502 353 740 399 ostendere
763 353 1052 413 poterimus.
1136 351 1277 398 Motio
1321 350 1536 398 videlicet
1568 352 1807 412 utriusque
1855 360 1949 408 est,
2005 363 2115 396 nam

121 443 371 486 corporum
410 428 593 471 habitus
627 441 778 470 nonne
811 428 963 485 quiete
994 436 1040 470 et
1075 426 1271 484 segnitia
1307 425 1451 482 perit,
1472 425 1893 469 ‘exercitationibus
1928 440 2038 478 vero
2070 434 2117 468 et

124 499 403 556 motionibus
435 499 691 545 maximam
721 509 903 558 partem
935 488 1266 545 conservatur?
1343 496 1512 542 Animi
1550 507 1706 543 autem
1746 497 1925 544 habitus
1959 512 2115 544 nonne

124 573 367 631 disciplina
393 581 439 615 et
470 572 794 628 meditatione,
837 576 951 630 quae
979 571 1207 616 motiones
1240 579 1374 624 sunt,
1417 571 1505 615 sibi
1532 571 1771 628 acquirens
1805 572 2034 616 doctrinas
2069 580 2116 614 et

121 655 420 692 conservatur
450 654 496 689 et
523 647 693 690 melior
724 645 928 702 exsistit,
962 646 1277 704 quietevvero,
1310 659 1425 702 quae
1458 644 1795 689 exercitationis
1829 643 2113 705 negligentia

122 729 167 765 et
196 717 382 764 inscitia
409 727 501 772 est,
530 733 676 776 neque
701 717 955 777 quidquam
987 718 1150 773 discit,
1187 727 1257 772 et,
1289 732 1404 775 quae
1437 716 1622 770 didicit,
1653 716 1984 762 obliviscitur?
2033 714 2115 768 ιι).

121 794 239 840 Sane
270 791 483 849 quidem,
515 791 594 835 sed
625 800 676 834 ut
702 792 808 834 illa-e
841 790 1074 835 motiones
1102 800 1148 835 et
1179 791 1233 835 ad
1265 789 1478 833 animum
1511 798 1557 832 et
1587 789 1642 832 ad
1672 805 1835 848 corpus
1859 799 2112 848 spectantes

122 881 256 912 suam
289 878 490 924 quaeque
522 863 623 909 vim
656 863 877 919 habeant,
909 879 1057 922 neque
1089 863 1387 909 incommoda
1416 863 1619 907 inferant
1648 862 1855 918 homini,
1886 879 1977 907 non
2011 878 2112 921 pro·

121 939 409 994 videbimus,
439 937 530 1000 nisi
560 937 837 982 sententiam
870 946 1101 993 tenentes,
1146 954 1237 982 non
1271 936 1420 982 animi
1451 936 1586 981 modo
1618 945 1833 981 naturam
1864 936 2113 997 insigniter

122 1012 320 1073 perspici
359 1027 450 1055 non
490 1027 620 1069 posse
651 1014 760 1066 ¹sine
797 1011 1006 1055 universi
1043 1020 1231 1065 natura,
1280 1009 1385 1064 sed,
1435 1010 1486 1054 si„
1517 1010 1705 1068 quidem
1751 1011 2025 1068 Hippocrati
2055 1011 2114 1054 ab

122 1085 409 1144 Asclepiadis
444 1083 639 1129 oriundo
665 1084 778 1130 fides
810 1083 1016 1130 habenda
1046 1093 1142 1139 est,
1175 1100 1231 1129 ne
1264 1098 1430 1141 corpus
1454 1082 1678 1142 quidem,
1712 1083 1805 1128 nisi
1835 1084 1923 1128 hac
1958 1082 2113 1128 addita

120 1159 297 1204 ratione
335 1163 404 1206 ¹2).
469 1158 585 1199 Nam
618 1157 675 1201 ad
703 1158 871 1201 bonam
903 1166 949 1201 et
978 1159 1152 1201 malam
1185 1155 1528 1210 valetudinem,
1559 1156 1755 1201 virtutes
1788 1166 1834 1200 et
1863 1157 2112 1216 pravitates

122 1232 250 1277 nulla
280 1229 537 1292 moderatio
569 1231 723 1287 major
755 1239 848 1285 est,
881 1234 1020 1288 quam
1052 1231 1199 1275 animi
1231 1230 1377 1288 ipsius
1409 1229 1466 1274 ad
1497 1244 1661 1287 corpus
1691 1230 1871 1288 ipsum,
1913 1242 2111 1288 quorum

120 1304 240 1351 nihil
277 1301 630 1362 perpendimus,
679 1297 827 1362 neque
864 1301 1197 1363 intelligimus,
1252 1291 1484 1347 animum*
1513 1302 1756 1347 robustum
1802 1303 2113 1362 omnibusque

119 1378 322 1438 partibus
355 1389 574 1435 magnum
607 1391 751 1434 quum
782 1363 1063 1420 imbecillior
1089 1376 1332 1434 minorque
1356 1376 1531 1434 species
1552 1375 1716 1430 vehat,
1751 1391 1985 1435 quumque
2005 1391 2114 1422 con·

120 1451 265 1496 trario
299 1448 437 1494 modo
469 1449 604 1493 ambo
637 1450 730 1494 sint
761 1459 1022 1509 compacta,
1055 1466 1147 1494 non
1178 1449 1429 1507 pulchrum
1461 1464 1560 1494 esse
1592 1458 1744 1493 totum
1772 1449 1986 1494 animans
2017 1450 2113 1498 (ab-

118 1525 309 1569 horrere
340 1522 468 1566 enim
500 1521 705 1566 maxima
738 1532 766 1568 a
794 1523 1116 1568 convenientia
1150 1531 1193 1567 et
1221 1521 1585 1577 moderatione),
1617 1522 1666 1566 id
1696 1537 1832 1577 vero,
1864 1523 1983 1581 quod
2002 1538 2112 1569 con·

118 1608 192 1642 tra
221 1612 270 1641 se
300 1596 484 1650 habeat,
517 1596 732 1640 omnium
764 1611 862 1640 esse
895 1598 1263 1655 spectaculorum
1293 1596 1365 1650 ei,
1398 1597 1478 1654 qui
1508 1596 1767 1654 perspicere
1799 1597 1968 1653 possit,
2012 1598 2113 1655 pul-

119 1670 410 1717 cherrimum
443 1663 489 1712 et
517 1668 925 1716 amabilissimum.
988 1669 1391 1726 Quemadmodum
1421 1670 1568 1729 igitur
1598 1685 1787 1727 corpus,
1830 1670 1949 1727 quod
1977 1683 2111 1729 gran·

120 1737 249 1790 dion-'a
276 1743 412 1786 habet
442 1737 608 1797 crura,
645 1743 721 1787 vel
762 1742 852 1786 alio
886 1743 1102 1803 quopiam
1140 1743 1298 1788 habitu
1339 1741 1489 1787 nimio
1515 1743 1738 1787 affectum
1780 1743 1957 1801 sibique
1988 1743 2113 1789 haud

120 1813 399 1862 conveniens
428 1829 514 1859 nec
546 1814 840 1860 moderatum
871 1824 966 1871 est,
1008 1816 1152 1861 simul
1181 1815 1388 1861 deforme
1418 1832 1466 1861 se
1497 1816 1679 1860 exhibet
1709 1816 1942 1874 simulque
1976 1817 2026 1861 in
2047 1819 2111 1861 la·

119 1889 305 1935 boribus
336 1880 539 1931 ferendis
559 1888 808 1942 ‚multoties
839 1898 1189 1947 contorquetur,
1228 1890 1440 1944 vacillat,
1472 1891 1669 1934 lassatur
1698 1897 1743 1931 et
1774 1889 1977 1934 concidit
2007 1889 2112 1935 infi-

120 1962 306 2020 nitaque
346 1960 434 2006 sibi
466 1960 590 2005 mala
629 1960 794 2016 infert,
838 1959 965 2007 idem
1004 1961 1368 2008 existimandum
1404 1971 1473 2008 est
1513 1962 1656 2007 etiam
1690 1960 1744 2005 de
1775 1970 1970 2022 utroque
2003 1979 2112 2011 con-

56 2090 63 2094 *
119 2038 302 2095 juncto,
335 2037 546 2078 animans
577 2033 695 2090 quod
723 2036 1026 2099 appellamus:
1059 2035 1235 2095 quando
1267 2036 1485 2081 videlicet
1513 2036 1561 2079 in
1590 2051 1641 2079 eo
1673 2036 1859 2080 animus
1881 2036 1993 2082 insit
2012 2053 2111 2082 cor-

121 2124 229 2168 pore
257 2105 486 2166 potentior
516 2107 863 2165 exsultansque,
896 2122 1007 2153 eum
1045 2117 1288 2155 concutere
1319 2119 1468 2154 totum
1499 2123 1664 2166 corpus
1696 2109 1912 2169 intusque
1932 2110 2110 2158 morbis

121 2182 341 2240 implere,
374 2188 448 2233 et,
476 2193 623 2237 quum
655 2177 710 2222 ad
740 2179 1008 2240 disciplinas
1034 2182 1207 2241 aliquas
1237 2192 1283 2226 et
1310 2182 1595 2241 quaestiones
1629 2191 1843 2227 contente
1872 2184 2110 2244 aggredia-

120 2264 220 2308 tur,
249 2253 552 2312 liquefacere3
593 2251 833 2296 docentem
861 2269 998 2312 porro
1029 2263 1075 2298 et
1106 2257 1404 2299 altercantem
1437 2254 1616 2311 publice
1648 2263 1694 2298 et
1725 2256 1970 2313 privatim,
2003 2258 2109 2303 lites

122 2340 264 2387 quum
285 2326 552 2370 exoriantur
570 2332 615 2368 et
635 2325 972 2383 contentiones,
993 2327 1226 2373 fervidum
1252 2327 1363 2371 illud
1378 2327 1572 2372 reddere.
1586 2342 1638 2372 ae
1647 2329 1826 2374 solvere
1838 2361 1851 2383 ,
1873 2338 2006 2388 atque
2025 2331 2110 2375 flu-

119 2407 307 2416 ,-.-.--

150 2440 212 2485 n)
265 2440 426 2477 Theaet
466 2441 549 2479 153.
578 2441 616 2478 b.

150 2490 211 2537 12)
265 2489 435 2528 Phaedr.
465 2500 550 2539 270.
584 2504 617 2528 c.
646 2492 698 2528 cf.
727 2488 936 2530 Chai-mid.
970 2489 1053 2539 156.
1082 2504 1118 2529 e.
