2305 2776
978 72 1277 114 ‚424-

120 195 343 238 Att'amen
375 191 500 239 nulla
529 187 716 249 attingit
747 180 1022 246 vituperatio
1052 196 1201 232 artem
1235 187 1409 246 ipsam,
1449 187 1640 233 subeant
1664 190 1846 248 potius,
1888 197 1939 235 ut
1968 201 1992 234 e
2028 188 2126 233 Pla-

120 267 241 312 tonis
282 264 436 310 verbis
461 261 635 324 ,colligi
668 270 839 320 potest,
879 277 1078 321 gravem
1119 262 1529 320 reprehensionem
1560 263 1883 323 magistratus,
1926 264 2003 321 qui
2035 278 2126 306 non

122 347 312 395 curent,
354 352 412 397 ne
453 352 506 381 ea
541 337 786 393 abutantur
826 341 925 381 sese
966 344 1255 390 exercentes,
1279 350 1374 394 >nec
1404 334 1581 394 legibus
1622 335 1854 390 ferendis,
1890 350 1974 380 nec
2006 336 2122 381 viris

122 409 442 472 praeficiendis
453 434 471 463 ,⁷
492 410 571 466 qui
593 410 802 466 ipsorum
820 409 921 453 vice
943 407 1236 466 provideant,
1260 422 1316 450 ne
1332 422 1405 451 res
1426 409 1537 466 quid
1563 408 1677 452 mali
1698 408 1862 467 capiat.
1919 408 2048 465 Quod
2072 408 2128 457 ad

121 488 330 546 primum
345 483 507 528 attinet
520 480 816 541 opprobrium
827 513 843 536 ,
856 481 1099 541 magistros
1113 482 1239 540 nulla
1247 483 1424 525 ratione
1435 482 1624 540 pungit,
1645 498 1755 526 nam
1769 481 1912 526 istum
1930 483 2125 527 abusum

123 573 288 604 cavere
315 557 445 600 decet
470 556 749 612 reipublicae
773 553 1173 611 jurisdictionem,
1198 552 1535 610 rempublicam
1561 554 1735 612 ipsam,
1759 570 1848 598 non
1867 553 2125 613 magistros.

124 632 315 676 Etenim
350 628 564 673 omnibus
600 627 774 674 artibus
807 626 1178 679 concertatoriis,
1222 625 1313 672 nisi
1346 625 1432 669 hoc
1464 627 1527 669 i-ta
1562 633 1714 680 esset,
1748 627 1796 670 in
1829 627 2021 671 eandem
2056 643 2127 669 re-

122 689 480 765 prehensionem
512 700 634 744 foret
666 697 1024 752 incurrendum,
1069 696 1119 742 in
1167 697 1362 742 eandem
1392 699 1605 744 omnibus
1637 698 1887 756 doctrinis,
1934 706 1989 745 in·
2023 696 2128 745 een-

124 780 233 828 dem
268 775 464 830 denique
493 775 578 816 toti
609 773 952 829 philosophiae,
983 784 1092 814 cum
1124 787 1365 828 nunquam
1390 773 1506 814 absit
1529 773 1800 829 quisquam,
1835 774 1975 830 quin,
2011 774 2129 831 quod

125 847 335 902 noverit,
367 846 495 891 abuti
528 854 662 905 queat
692 841 768 894 65).
1836 840 1839 842 ’

306 941 552 994 Crimina,
595 940 645 982 in
688 953 804 996 quae
850 937 1042 991 deinde,
1085 938 1271 980 Platone
1312 947 1528 992 notante,
1569 937 1862 996 gymnastica
1908 949 2127 993 vocatur,

128 1019 225 1073 ipse
265 1030 359 1057 non
394 1013 553 1066 aliter,
599 1027 652 1054 ac
683 1010 896 1067 primum
929 1008 1224 1066 opprobrium
1258 1009 1409 1054 diluit.
1484 1010 1967 1053 Animadvertendum
2008 1012 2130 1055 scili-

126 1098 199 1133 cet
229 1084 368 1130 iniis
403 1075 609 1142 quoque,
636 1084 789 1128 verbis
825 1091 956 1140 atque
989 1095 1288 1139 quaecunque
1317 1083 1430 1126 bene
1464 1092 1508 1126 et
1548 1084 1783 1128 intellecta
1827 1093 1871 1127 et
1910 1085 2132 1141 praescri-

124 1170 200 1219 pta
232 1167 362 1211 sunt,
398 1157 447 1200 in
480 1157 661 1201 civium
694 1156 790 1201 vita
821 1170 893 1199 res
922 1155 1068 1212 ipsas,
1102 1167 1292 1198 omnem
1326 1153 1374 1198 in
1408 1164 1613 1212 partem,
1648 1156 1851 1213 quolibet
1883 1158 2014 1213 pravi
2054 1157 2146 1201 ho-2

126 1233 278 1277 mines
310 1231 483 1281 velint,
530 1228 826 1281 excedentes,
860 1243 949 1270 non
982 1227 1209 1270 concinne
1240 1227 1541 1284 responderet,
1574 1237 1625 1270 ut
1656 1234 1826 1271 iterum
1863 1244 1914 1272 ac
1942 1230 2150 1273 tertium2

127 1320 238 1350 usus
273 1302 529 1361 agendique
569 1300 733 1344 modus
766 1305 1042 1358 praeceptis,
1085 1298 1217 1343 bonis
1252 1316 1331 1357 per·
1362 1316 1410 1344 se
1443 1309 1489 1343 et
1521 1302 1824 1355 necessariis,
1875 1302 1996 1346 vitae
2029 1319 2133 1347 cur-

127 1391 233 1423 sum
268 1374 520 1434 quominus
555 1374 655 1417 sine
690 1374 785 1417 ulla
821 1372 1068 1416 offensione
1101 1371 1301 1431 dirigant
1333 1382 1377 1416 et
1409 1373 1731 1429 moderentur,
1783 1374 1978 1421 resistat.
2070 1378 2134 1421 At

152 1673 220 1718 63)
278 1675 340 1713 Cf.
374 1671 500 1708 Polit.
531 1671 564 1707 1.
593 1683 631 1718 p.
660 1676 746 1706 3323.
778 1681 813 1706 e.
847 1689 896 1695 —
931 1682 968 1717 p.
1005 1675 1093 1711 334.
1124 1671 1187 1715 b.,
1225 1681 1305 1717 quo
1331 1671 1426 1715 loco
1463 1673 1745 1720 cognitionem
1777 1673 2153 1722 qualemcun'que‚s

266 1734 371 1771 quae
401 1722 523 1755 nobis
559 1721 616 1754 sit
646 1731 695 1754 ex
728 1732 829 1762 usu,
870 1719 1124 1755 detrimento
1155 1720 1324 1755 eandem
1356 1722 1468 1758 verti
1495 1732 1615 1768 posse
1647 1721 1929 1769 colloquentes
1959 1723 2130 1772 docent,

264 1772 386 1810 velut
414 1770 607 1807 morbum
636 1770 706 1817 qui
735 1767 934 1805 didicerit
960 1780 1109 1807 cavere
1140 1775 1181 1805 e't
1209 1770 1448 1816 occultare,
1485 1770 1596 1807 hunc
1629 1773 1806 1807 maxime
1840 1772 1964 1809 etia'm
1990 1776 2131 1813 valere

263 1822 319 1859 ad
343 1834 438 1858 eum
467 1819 757 1865 injiciendum.
826 1819 909 1855 Sed
946 1819 1088 1863 Plato,
1135 1832 1212 1856 cur
1238 1820 1347 1855 istud
1377 1821 1649 1868 opprobrium
1677 1827 1796 1869 putet
1821 1824 2153 1873 repellendum,-

265 1873 442 1909 uberius
470 1868 657 1907 ostendit
684 1869 773 1905 loco
805 1880 853 1904 ex
881 1868 1037 1920 Gorgia
1070 1869 1265 1915 laudato,
1299 1869 1428 1912 *Artes
1456 1872 1815 1916 concertatorias,
1848 1872 2012 1921 dicens,
2050 1887 2133 1918 non

267 1928 437 1971 oportet
465 1919 657 1956 omnibus
696 1917 887 1954 adhiberi
923 1918 1379 1962 llominibus3'scilicet
1405 1921 1441 1955 si
1468 1920 1561 1966 quis
1591 1919 1741 1956 didicit
1766 1923 1916 1971 pugnis
1943 1931 2130 1972 certare,

269 1972 533 2020 pancratium
564 1979 763 2004 exercere
792 1973 833 2002 et
863 1970 988 2003 armis
1013 1979 1227 2018 pugnare,
1264 1969 1323 2004 ita
1351 1974 1398 2005 ut
1423 1968 1700 2017 superior'sit
1738 1975 1780 2006 et
1808 1972 1952 2009 amicis
1982 1980 2023 2010 et
2051 1976 2155 2011 ini-·

267 2023 410 2066 micis,
430 2031 513 2056 non
534 2018 701 2055 idcirco
727 2018 880 2053 amicos
908 2018 1282 2066 debet'percutere,
1311 2019 1378 2056 vel
1397 2019 1636 2066 vulnerare,
1663 2020 1731 2056 vel
1745 2019 1851 2057 adeo⁴
1868 2024 2132 2068 interficere;

202 2072 207 2076 ’
268 2082 402 2118 neque
440 2081 515 2118 per
548 2069 712 2111 Iovem,
752 2069 785 2102 si
817 2068 930 2113 quis,
969 2071 1039 2114 qui
1077 2070 1119 2117 in
1141 2068 1401 2115 ‘pal'aestram
1434 2068 1681 2106 'ventitando
1715 2068 1982 2109 robustus'et
2017 2076 2133 2126 pugil

268 2122 403 2158 factus
437 2125 523 2165 est,
562 2123 724 2165 patrem
753 2118 938 2165 percutit
974 2122 1014 2154 et
1048 2123 1240 2164 matrem,
1269 2124 1342 2155 amt
1362 2119 1488 2155 alium
1512 2120 1750 2168 >quempiam
1776 2121 2156 2162 familiarium'vel*

212 2206 214 2208 ,
270 2172 527 2214 amicorum,
565 2169 671 2204 hanc
711 2169 761 2203 ob
801 2179 963 2203 causam
990 2173 1311 2204 consentancum
1339 2175 1400 2204 est
1436 2169 1667 2216 palaestrae
1703 2171 1924 2218 magistros
1954 2185 2132 2225 eosque,

268 2221 341 2270 qui
374 2225 508 2256 artem
535 2219 663 2254 armis
688 2215 1096 2268 pugnandi‘docen‘t,
1124 2211 1270 2266 odiss'e‘
1292 2224 1334 2255 et
1361 2215 1571 2267 expellere
1598 2231 1648 2256 ex
1675 2221 1863 2256 urbibus.·
1936 2223 1995 2259 Hi
2024 2223 2151 2263 enim·

266 2269 539 2310 tradiderunt
571 2273 708 2305 artem
746 2279 861 2305 suam
900 2277 948 2310 eo
979 2268 1186 2314 consilio,
1224 2273 1271 2304 ut
1304 2270 1413 2316 juste
1447 2269 1632 2305 illi-eam
1659 2270 1906 2307 adhiberent
1932 2272 2161 2313 adversus

265 2322 407 2357 hostes
437 2325 480 2355 et
511 2320 663 2365 injuste
693 2319 922 2361 facientes,
960 2326 1047 2354 sese
1078 2317 1374 2363 defendentes,
1415 2330 1498 2354 non
1528 2318 1782 2356 adorientes.
1853 2320 1995 2370 Itaque
2024 2337 2132 2372 non,

266 2372 337 2419 qui
362 2370 621 2412 docuerunt,
654 2375 752 2404 sunt
780 2368 984 2412 improbi,
1012 2379 1144 2416 neque
1173 2380 1239 2403 ars
1270 2370 1311 2403 in
1334 2369 1451 2416 culpa
1471 2374 1513 2404 et
1532 2370 1718 2418 improba
1740 2373 1802 2405 est
1824 2369 2005 2419 idcirco,
2035 2374 2131 2422 sed,

266 2427 314 2458 ut
340 2421 513 2467 opinor,
542 2420 612 2466 qui
642 2431 722 2454 non
755 2423 869 2454 recte
897 2428 943 2452 ea
969 2424 1159 2454 utuntur.
1214 2418 1265 2454 Et
1293 2419 1434 2454 eadem
1463 2420 1573 2459 ratio
1600 2424 1664 2456 est
1692 2419 1941 2459 rhetoricae.
1991 2424 2133 2470 Potest

271 2472 382 2507 enim
410 2475 488 2505 etc.
1107 2477 1110 2480 ’
1886 2473 1889 2476 ’
