2233 2752
980 95 1268 136 —25-

140 219 265 264 enim
292 217 387 274 jam
418 214 591 264 Graeci
601 231 626 269 ,·
656 213 697 258 si
729 212 936 272 primum
968 211 1023 256 ad
1056 211 1225 255 amoris
1257 211 1576 269 appetitiones,
1611 219 1797 254 naturae
1825 210 2001 268 legibus
2034 206 2109 255 ad·

137 299 393 346 versantes,
435 297 722 348 spectamus,
766 286 1013 339 curabant,
1057 293 1108 328 ut
1143 285 1256 329 haec
1300 298 1484 328 summa
1513 281 2050 341 'juventutisturpitudo
2082 300 2105 328 e

130 364 337 408 coetibus
370 377 546 420 quoque
574 358 877 418 gymnasticis
910 358 1156 400 tolleretur.
1220 357 1359 400 Solon
1391 358 1577 411 saltem,
1616 365 1667 398 ut
1698 361 1776 413 qui
1808 355 2105 400 solitudinem

137 446 181 481 et
210 435 417 480 tenebras
461 433 665 477 maxime
698 430 752 474 ad
785 429 910 473 hanc·
933 445 1035 472 rem
1066 438 1291 486 suspectas
1321 428 1527 483 haberet,
1565 427 1925 474 Atheniensibus
1956 429 2107 474 edixe-

138 518 233 564 rat,
263 523 319 552 ne
340 506 553 564 magistri
585 504 827 561 palaestras
860 510 961 544 ante
994 500 1103 545 solis
1135 511 1289 545 ortum
1319 501 1569 557 aperirent,
1602 501 1865 545 clauderent
1895 517 2005 547 vero
2028 519 2107 548 an·

136 592 180 625 te
221 592 458 632 occasum;
508 577 623 620 item
663 590 720 618 ne
761 572 862 630 quis
894 574 1121 629 puerilem
1151 583 1344 618 aetatem
1376 586 1691 632 egressorum,
1734 574 1932 630 exceptis
1963 580 2109 635 magi·

138 661 341 698 strorum
372 648 480 694 filiis
512 646 854 703 eorundemque
875 646 1074 689 fratrum
1105 646 1209 690 filiis
1234 654 1366 704 atque
1388 645 1593 705 generis,
1623 644 2104 704 gymnasia‘intraret,

139 727 250 768 dum
284 722 415 780 pueri
446 723 570 785 intus
597 728 900 763 versarentur.
966 718 1018 762 Si
1050 720 1149 774 quis
1177 735 1284 763 vero
1316 728 1495 774 praeter
1526 720 1627 760 illos
1657 718 1819 761 fuisset
1847 720 2107 777 ingressus,

137 797 283 857 capite
314 795 630 839 mulctaretur.
708 788 921 835 Eundem
954 789 1002 834 in
1034 789 1196 846 finem,
1237 799 1289 834 ut
1320 803 1497 835 amores
1527 790 1606 834 isti
1638 799 1825 835 naturae
1852 806 2107 851 repugnan-

136 880 204 914 tes
243 883 269 910 a
302 867 559 926 gymnasiis
601 873 893 917 arcerentur,
933 863 1022 906 alia
1063 863 1238 906 Solonis
1271 865 1369 921 loge
1406 863 1767 919 Gymnasiarchi
1811 865 1927 918 jussi
1977 877 2109 910 erant

140 941 306 987 adultis
330 936 610 983 'hominibus
658 934 958 988 interdicere,
1004 949 1060 977 ne
1102 935 1319 978 Mercurii
1362 935 1591 978 solemnia·
1624 933 1995 990 frequentarent,
2040 936 2109 982 sic

139 1013 357 1073 quidem,
388 1009 536 1063 ut‚‘si
563 1006 882 1066 permisissent
907 1022 1053 1064 neque
1082 1004 1338 1065 gymnasiis
1361 1006 1689 1060 exclusissent,
1724 1006 1811 1063 ipsi
1842 1016 2111 1054 tenerentur

138 1090 236 1147 lege
269 1084 323 1128 de
365 1083 621 1139 corruptela
661 1081 969 1140 ingenuorum
996 1094 1242 1136 puerorum
1275 1076 1354 1126 64),
1430 1079 1719 1135 Quamquam
1750 1079 2017 1134 hujusmodi
2048 1084 2112 1129 le-

139 1175 217 1220 ges
260 1155 377 1220 aqud
424 1155 626 1200 Graecos
679 1152 893 1196 omnibus
933 1150 1212 1208 temporibus
1254 1151 1457 1209 locisque
1497 1151 1691 1195 sancitas
1736 1160 1815 1194 aut
1855 1152 2112 1200 observatas

139 1232 309 1286 fuisse,
342 1227 589 1282 habemus,
623 1224 742 1284 quod
773 1224 822 1268 in
856 1223 991 1268 dubio
1022 1238 1255 1281 ponamus.

317 1377 437 1420 Tum
469 1372 587 1431 quod
620 1371 867 1430 gymnasia
907 1370 963 1415 ad
996 1369 1239 1415 seditiones
1288 1384 1464 1428 quoque
1502 1369 1661 1428 gravia
1697 1385 1744 1414 se
1783 1370 2020 1429 exhibent,
2066 1375 2114 1421 id

140 1447 375 1495 ostendere
410 1446 725 1498 Milesiorum,
770 1446 1070 1497 Boeotorum,
1085 1442 1388 1486 Thuriorum
1415 1443 1557 1497 filios,
1584 1452 1802 1501 tanquam
1837 1445 1886 1488 in
1918 1450 2114 1493 transitu

124 1523 357 1581 legimus.
416 1520 482 1562 At
510 1533 618 1562 vero
647 1518 852 1570 crimen,
884 1517 933 1558 in
967 1515 1084 1597 quod
1112 1515 1153 1557 si
1182 1516 1471 1572 gymnastica
1502 1516 1598 1571 ipsa
1627 1517 1730 1571 jure
1765 1518 1967 1562 venisset
1997 1523 2117 1577 apud
2148 1567 2151 1571 ,

143 1597 370 1648 Giaecos,
404 1606 548 1650 neque
583 1589 829 1649 quidquam
862 1588 1047 1649 gravius
1075 1603 1218 1646 neque
1250 1588 1425 1633 civitati
1454 1587 1677 1646 ingratius
1699 1588 1912 1648 indagari
1941 1604 2116 1650 posset,

142 1681 251 1712 cum
284 1667 382 1723 ejus
411 1678 523 1708 cura
551 1676 736 1716 omnes,
769 1676 883 1723 quae
913 1661 1225 1704 salubritatem
1248 1661 1463 1718 afferant,
1493 1659 1831 1715 institutiones,
1860 1664 2008 1721 leges,
2042 1683 2116 1712 res

142 1753 413 1786 communes
455 1735 751 1793 publicaeque
788 1743 834 1777 et
864 1743 1120 1778 statuantur
1158 1741 1202 1775 et
1244 1733 1591 1779 confirmentur.
1652 1733 1825 1780 Graeci
1857 1744 2012 1781 tamen
2046 1756 2118 1785 ce-

124 1810 354 1870 ‘tex-oqui,
394 1816 674 1867 quamquam
702 1822 866 1850 eorum
897 1806 1137 1863 juvenibus
1170 1819 1248 1862 pro
1287 1805 1528 1849 civitatum
1565 1803 2115 1867 rationejrequentiores

144 1887 409 1941 pluresque,
450 1893 588 1938 quam
622 1879 816 1932 nostris,
858 1879 907 1922 in
939 1878 1171 1935 publicum
1204 1877 1479 1934 procedendi
1510 1878 1639 1921 datae
1668 1889 1798 1923 erant
1829 1884 2118 1941 occasiones,

145 1957 262 2001 nihil
294 1953 442 2007 aliud,
485 1951 604 2009 quod
635 1950 951 2009 gymnasticae
980 1959 1099 2000 esset
1127 1948 1203 1992 isti
1232 1949 1447 2004 crimini,
1489 1949 1786 1995 tradiderunt·
1853 1953 2033 2011 Quare,
2074 1968 2120 2006 et

147 2029 265 2087 quod
295 2042 368 2071 res
401 2025 498 2082 ipsa
527 2023 707 2082 cognita
737 2023 957 2078 postulat,
999 2022 1111 2066 haec
1139 2036 1211 2064 ars
1242 2021 1430 2078 juvenes
1461 2022 1776 2079 Milesiorum,
1819 2027 2119 2087 Boeotorum,

146 2101 428 2146 Thuriorum
460 2112 550 2141 non
581 2111 663 2139 sua
693 2095 835 2151 ipsius
864 2094 914 2139 vi
945 2110 997 2139 ac
1027 2103 1185 2138 natura
1195 2118 1217 2148 ,-
1243 2107 1355 2151 quae
1389 2095 1575 2152 quidem
1607 2096 1698 2140 nisi
1727 2097 1777 2140 in
1805 2113 1856 2143 ea
1877 2112 2018 2156 esset,
2045 2119 2119 2150 ars
2155 2132 2161 2135 -

146 2166 264 2220 nihil
293 2184 487 2230 usquam
521 2175 638 2212 esset
665 2167 869 2226 gentium
904 2167 1024 2223 ipsa,
1067 2165 1305 2224 impulisse
1344 2167 1540 2225 putanda
1569 2177 1665 2223 est,
1697 2170 1774 2214 sed
1811 2173 1970 2228 rebus,
2005 2193 2119 2234 quae

148 2247 363 2302 fortuito,
403 2245 477 2290 vel
512 2244 612 2287 loco
641 2240 718 2286 vel
758 2238 1022 2311 hominibus
1062 2241 1137 2286 vel
1173 2239 1367 2299 denique
1400 2241 1663 2287 civitatibus
1695 2244 1789 2289 illis
1820 2248 2119 2312 conjunctae,

174 2483 244 2526 64)
293 2465 405 2524 'vide
432 2464 497 2520 bis
525 2481 574 2519 de
603 2481 770 2533 legibus.
783 2477 931 2533 Aesqh.
957 2478 1002 2518 in
1026 2475 1293 2522 Timarchum
1320 2479 1369 2517 ab
1395 2478 1555 2517 initio.⁴
