2233 2752
714 342 1465 406 Prooemium.

121 443 139 460 Ἴ

778 464 789 479 Q

96 446 452 546 scriptionum,
495 485 657 544 quibus
687 499 761 528 res
795 484 1085 537 Platonicae,
1125 496 1235 526 cum
1267 480 1323 524 ad
1353 480 1714 540 philosophiam,
1759 491 1862 530 tum
1896 484 1954 530 ad
1990 484 2084 530 sin-

97 549 226 608 gulas
280 545 509 590 doctrinas
557 544 861 601 pertinentes,
907 551 952 586 et
991 542 1279 599 explicantur
1324 548 1368 582 et
1416 539 1662 594 docentur,
1715 541 1849 587 hodie
1900 545 2083 601 plures,

98 619 236 665 quam
269 617 472 661 unquam
509 602 718 660 gentium
759 600 973 658 reperias.
1057 601 1212 657 Neque
1244 598 1292 641 id
1322 598 1422 641 sine
1452 613 1587 643 causa
1620 600 1683 643 ita
1710 599 1904 656 habere,
1947 602 2084 646 facile

96 681 119 708 e
146 677 258 710 vera
286 661 636 718 disciplinarum
666 658 1012 704 tractandarum
1055 666 1256 711 ratione,
1300 669 1439 714 quam
1481 658 1628 717 magis
1672 660 1913 719 magisque
1949 675 2086 719 agno-

97 730 231 768 scunt
261 719 354 765 viri
383 719 525 772 docti,
559 718 714 777 colligi
740 725 896 775 potest.

274 778 394 824 Satis
427 777 613 836 quidem
645 785 821 820 constat
851 775 974 819 inter
1005 789 1111 829 nos,
1139 773 1381 828 omnium,
1411 788 1521 832 quas
1552 775 1767 820 novimus
1795 785 1842 820 et
1861 776 2083 833 colimus,

91 838 443 895 disciplinarum
478 837 588 879 alias
623 834 680 879 ad
703 833 954 880 historiam
986 834 1168 892 generis
1191 832 1410 886 humani,
1440 832 1551 876 alias
1573 833 1628 876 ad
1650 833 1911 890 historiam,
1943 851 2082 893 quam

99 905 288 951 vocant,
338 895 596 951 naturalem
646 900 887 951 spectare3
939 907 1049 950 quas
1103 891 1158 936 ad
1209 891 1328 936 solas
1369 890 1682 949 philosophiae
1734 893 1904 951 ipsius,
1966 910 2081 953 quae

98 973 180 1018 per
211 970 259 1000 se
292 968 384 997 una
411 956 505 1007 est,
540 966 644 1009 pars
676 960 721 994 et
752 950 912 994 idealis
932 959 978 993 et
999 950 1244 1003 naturalis,
1277 965 1392 1007 quae
1415 949 1654 1003 dicuntur,
1687 951 1751 996 ita
1777 952 2082 1008 descendunt,

100 1019 243 1063 altera
272 1012 326 1057 ad
366 1013 586 1064 alteram,
622 1017 675 1053 ut
706 1009 912 1069 singulae
946 1008 1069 1052 inter
1098 1023 1145 1053 se
1174 1007 1582 1064 conjunctissimae
1610 1008 1726 1064 sint,
1758 1010 1846 1054 sibi
1877 1012 2083 1058 invicem

100 1072 379 1125 auxiliariae,
400 1079 446 1114 et
476 1068 803 1121 administrae,
833 1066 993 1110 idealis
1024 1066 1313 1125 philosophia
1343 1076 1388 1110 et
1417 1066 1609 1110 historia
1646 1069 1828 1124 generis
1862 1070 2081 1126 humani,

99 1129 322 1178 naturalis
355 1137 401 1172 et
429 1126 715 1185 philosophia
743 1135 788 1169 et
818 1125 1022 1169 historia.
1084 1125 1238 1182 Atque
1270 1140 1326 1168 ex
1356 1134 1509 1168 nostro
1543 1125 1729 1182 quidem
1759 1142 1926 1187 genere
1958 1139 2085 1187 quot-

103 1200 211 1252 quot
248 1188 454 1232 excultae
494 1185 603 1229 sintl
617 1200 698 1242 per
739 1185 1032 1228 saeculorum
1065 1185 1207 1240 spatia
1235 1182 1499 1238 doctrinae,
1531 1182 1757 1229 humanas
1790 1194 1971 1229 tantum
2010 1204 2082 1233 res

97 1248 477 1306 complectentes,
521 1256 682 1286 earum
716 1242 786 1287 vis
815 1242 1011 1299 finisque
1042 1257 1093 1285 eo
1125 1241 1374 1286 dilucidius
1407 1242 1665 1299 apparebit,
1709 1259 1796 1300 quo
1834 1244 2082 1291 studiosius

98 1312 147 1355 in
179 1305 411 1358 historiis,
448 1303 610 1360 quibus
643 1311 774 1345 natae
812 1310 944 1355 sunt,
986 1300 1312 1359 cognoscendis
1341 1301 1572 1344 fuerimus
1605 1302 1796 1356 versati;
1839 1319 1949 1347 nam
1973 1321 2083 1363 pau-

99 1383 175 1414 cos
205 1361 526 1409 tantummodo
562 1361 706 1418 fugit,
749 1359 1017 1412 historiam,
1057 1374 1167 1416 quae
1201 1359 1355 1403 omnis
1388 1360 1459 1403 rei
1492 1359 1645 1402 ideam
1678 1361 1751 1404 vel
1787 1362 2024 1407 notionem
2057 1381 2081 1408 e

99 1425 301 1486 partibus
335 1420 537 1477 undique
571 1418 765 1462 evolutis
796 1418 892 1461 sola
920 1417 1147 1470 exhibeat,
1178 1416 1428 1460 hominum
1460 1432 1627 1475 genere
1660 1428 1803 1462 aetate
1826 1421 1959 1480 longe
1981 1438 2084 1481 pro-

98 1492 255 1537 vecto,
287 1488 477 1525 naturae
510 1486 555 1521 et
586 1476 937 1534 disciplinarum
969 1484 1015 1518 et
1055 1475 1225 1519 artium
1259 1474 1602 1533 perspiciendae
1635 1492 1733 1521 esse
1765 1479 2083 1528 utilissimam.

101 1546 200 1601 Qua
229 1554 280 1583 re
312 1536 623 1588 considerata,
666 1534 937 1578 recentioris
972 1533 1226 1577 memoriae
1258 1534 1352 1577 viri
1385 1533 1553 1577 eruditi
1586 1543 1631 1577 et
1664 1537 1885 1594 cujusque
1918 1538 2084 1583 doctri-

101 1617 186 1648 nae
215 1596 460 1644 historiam
492 1603 687 1639 tractare
719 1601 991 1651 coeperunt,
1033 1601 1354 1652 praeterquam
1385 1593 1503 1652 quod
1536 1601 1736 1649 statum,
1768 1595 1953 1652 qualem
1983 1599 2081 1655 jam

101 1661 353 1710 obtineret,
388 1653 640 1697 tradebant.
721 1654 877 1710 Neque
908 1660 1129 1694 nostrates
1161 1653 1255 1696 ulla
1282 1652 1331 1695 in
1361 1668 1412 1696 re
1446 1667 1502 1696 ne
1535 1653 1744 1696 lexerunt
1774 1656 1933 1710 illam,
1969 1673 2082 1715 quae

98 1721 149 1765 vi
182 1726 316 1775 atque
347 1712 573 1774 gravitate
597 1726 757 1756 omnes
790 1718 964 1755 ceteras
999 1710 1256 1765 antecellit,
1289 1719 1438 1755 artem
1473 1726 1496 1755 e
1531 1711 1722 1766 ucandi,
1752 1713 1834 1757 alii
1852 1715 2083 1772 explican-

100 1789 167 1822 tes
198 1784 344 1820 totam
377 1773 476 1828 ejus
508 1770 782 1822 historiam,
813 1769 868 1812 de
912 1769 1074 1824 quibus
1116 1768 1302 1814 honoris
1343 1785 1479 1813 causa
1514 1785 1712 1826 aequum
1746 1781 1815 1814 est
1847 1775 2081 1819 nominari

98 1836 433 1890 Niemeyerum
465 1836 523 1872 et·
543 1827 866 1873 Schwarzium
905 1825 969 1881 ¹),
1001 1826 1124 1871 viros
1165 1825 1221 1870 de
1253 1827 1341 1873 hac
1379 1827 1587 1873 doctrina
1614 1829 1969 1887 meritissimos,
2002 1834 2084 1877 alii

101 1883 301 1951 majores
332 1888 628 1943 minoresque
660 1895 810 1944 partes
840 1885 1104 1942 permultas.

277 1948 377 2003 Qua
409 1945 464 1988 de
496 1959 634 1988 causa
661 1943 876 2002 equidem
909 1959 1001 1987 non
1035 1942 1262 1997 dubitavi,
1295 1959 1440 2001 quum
1468 1959 1599 1988 meae
1623 1944 1718 2001 jam
1752 1955 1902 2003 partes
1933 1960 2087 1994 essent

100 2003 526 2058 commentationis,
550 2018 664 2061 quae
686 2003 928 2060 quotannis
941 2002 1015 2046 edi
1027 2003 1160 2054 solet,
1179 2002 1476 2047 scholasticae
1497 2003 1834 2059 conficiendae,
1855 2005 2083 2064 breviter,

101 2085 213 2130 quae
233 2068 358 2113 Plato
382 2063 435 2107 de
455 2059 652 2119 q'uadam
671 2060 954 2107 educationis
974 2071 1100 2119 parte
1115 2060 1241 2106 nobis
1253 2061 1515 2116 tradiderit,
1535 2063 1787 2120 explicare3
1807 2068 2083 2122 praesertim

101 2127 221 2190 quod
232 2122 380 2171 studio
392 2121 531 2178 hujus
542 2119 800 2178 philosophi
811 2151 826 2174 ‚
846 2121 924 2178 qui
939 2128 1009 2165 est
1019 2120 1168 2174 idem,
1189 2134 1277 2177 quo
1291 2129 1595 2178 cognomento
1606 2120 1755 2167 adhuc
1769 2123 1936 2181 caruit,
1958 2141 2087 2170 sum·

101 2202 206 2234 mus
216 2181 465 2238 educator,j
471 2193 546 2225 am
559 2178 732 2224 dudum
743 2180 1239 2238 occupatus,occasione
1253 2177 1372 2224 mihi
1385 2178 1532 2225 oblata
1541 2179 1664 2226 haud
1676 2192 1864 2243 gravate
1876 2193 2090 2245 utor-,qua

152 2297 193 2336 1)
238 2292 428 2340 Quorum
463 2288 571 2324 alter
606 2286 827 2323 historiam
862 2287 967 2324 artis
999 2285 1202 2324 educandi
1228 2284 1455 2324 delineavit
1488 2289 1554 2324 in:
1586 2288 1879 2326 Grundsaetze
1907 2290 1987 2328 der
2009 2292 2088 2336 Er-

237 2340 421 2390 aiehung
454 2337 539 2375 und
562 2336 633 2374 des
657 2336 942 2376 Unterrichts.
998 2337 1115 2375 Tom.
1142 2335 1217 2373 111.
1244 2346 1285 2384 p.
1314 2343 1387 2382 311
1411 2355 1460 2364 —-
1487 2335 1574 2382 406.
1604 2338 1678 2376 Ed.
1708 2339 1806 2376 VII.
1835 2339 1933 2377 Hal.
1965 2343 2087 2392 1819,

175 2413 187 2417 -
237 2393 348 2429 alter
382 2396 513 2427 totam
546 2389 706 2436 primus
741 2388 952 2435 copiosius
981 2387 1174 2436 exposuit
1206 2386 1277 2423 in:
1320 2386 1571 2425 Geschichte
1601 2389 1678 2426 der
1711 2389 1953 2442 Erziehung
1982 2394 2088 2431 nach

236 2441 375 2477 ihi-em
415 2437 775 2487 zusammenhang
807 2441 936 2473 unter
971 2436 1052 2474 deu
1078 2435 1265 2477 viil-kern
1300 2448 1381 2475 von
1407 2436 1519 2474 alten
1546 2438 1699 2476 Zeiten
1726 2439 1803 2487 her
1829 2440 1894 2477 bis
1923 2444 1999 2479 auf
2020 2441 2089 2481 die

235 2494 406 2528 neueste
434 2489 491 2528 11.
521 2488 639 2527 Tom.
665 2488 782 2536 Lips.
813 2486 924 2531 1813.
1855 2484 1858 2487 ·
