2305 2776
150 230 318 274 liberos
356 231 433 278 2ι’).
504 229 581 274 Ad
614 229 703 274 hoc
735 229 941 275 musicae
973 239 1017 275 et
1048 230 1366 291 gymnasticae
1398 230 1652 289 praefectos
1680 231 1960 276 constituere
1994 231 2148 283 decet,

151 302 358 360 duplices
391 302 658 360 utriusque,
691 301 804 347 alios
832 302 1168 358 institutionis,
1200 304 1313 349 alios
1343 304 1454 348 artis
1480 302 1841 349 concertatoriae
1863 319 2015 349 causa.
2061 302 2149 359 Qui

150 374 434 421 institutioni
465 381 705 432 praesunt,
738 376 1093 432 gymnasiorum
1125 384 1170 418 et
1200 375 1466 419 scholarum
1497 375 1651 420 ordini
1682 384 1727 419 et
1747 375 2019 433 disciplinae
2048 391 2149 434 pro-

151 449 349 506 spiciant
379 447 606 505 rebusque
637 446 694 491 ad
721 447 836 491 haec
868 447 1223 504 pertinentibus,
1255 457 1306 493 ut
1325 447 1458 505 pueri
1482 447 1697 492 decenter
1714 448 1941 494 ventitent
1960 457 2005 492 et
2024 463 2151 493 com-

151 527 403 566 morentur.
472 517 881 565 concertationem
912 534 1020 564 vero
1051 520 1130 577 qui
1163 533 1327 563 curam
1361 519 1554 572 habent,
1582 519 1631 564 in
1662 520 1899 580 gymnicis
1932 528 1978 564 et
2006 519 2149 564 musi·

151 595 218 638 cis
250 593 372 636 ludis
405 591 688 637 certantibus
720 592 929 650 praemia
957 593 1226 646 decernant,
1252 592 1461 649 duplices
1490 593 1633 636 etiam
1662 592 1742 647 hi,
1770 591 1853 636 alii
1874 594 1924 636 in
1945 593 2150 646 musica,

152 665 232 709 alii
264 665 314 708 in
346 664 689 709 concertatione
727 663 803 712 25).
865 664 1075 721 Denique
1107 664 1313 721 reliquus
1343 672 1412 708 est
1444 664 1824 724 magistratusin
1855 664 1992 709 rebus
2021 679 2047 708 a
2070 678 2149 708 no·

148 738 220 782 bis
260 746 369 781 ante>
405 735 623 794 prolatis,
667 738 748 793 qui
778 735 1076 780 institutionis
1110 736 1353 780 universae
1393 737 1765 795 procurationem
1798 736 1984 792 habeat3
2031 752 2150 780 unus

150 810 297 870 igitur
325 809 403 852 hic
440 823 618 866 quoque
661 808 723 852 sit
752 808 1008 865 praefectus
1040 808 1297 851 secundum
1339 810 1488 869 leges,
1524 821 1665 853 annos
1707 817 1840 853 natus
1870 823 1962 852 non
1992 809 2150 853 minus

152 898 293 939 quam
324 882 684 938 quinquaginta,
730 881 986 923 liberorum
1021 879 1342 937 legitimorum
1373 890 1528 938 pater,
1573 881 1780 925 maxime
1813 880 2001 938 quidem
2032 881 2149 924 filio-

148 967 260 999 rum
291 962 337 997 et
371 953 604 1006 filiarum,
645 952 720 996 sin
762 951 944 1003 minus,
984 950 1236 995 liberorum
1275 953 1464 996 alterius
1507 966 1670 1009 sexus,
1715 952 1952 997 existimet
1991 960 2150 997 autem

152 1028 249 1086 ipse
277 1032 443 1071 ceteris
476 1027 700 1070 antelatus
733 1033 779 1069 et
809 1023 1063 1067 anteferens
1095 1023 1245 1079 hunc,
1278 1027 1358 1084 qui
1389 1028 1439 1069 in
1467 1027 1652 1082 singula
1682 1025 1997 1085 quinquennia
2030 1025 2150 1068 tradi

148 1102 290 1154 solet,
322 1100 653 1158 magistratum
684 1110 981 1143 summorum
1011 1096 1059 1140 in
1090 1098 1205 1142 urbe
1236 1098 1597 1158 magistratuum
1633 1113 1732 1143 esse
1763 1100 1899 1158 longe
1920 1106 2151 1156 praestan-

152 1174 392 1219 tissimum
426 1169 507 1221 26).

331 1246 408 1290 Ad
439 1244 785 1303 gymnasticam
825 1258 936 1289 vero
965 1242 1095 1300 pueri
1122 1243 1368 1299 jubeantur
1390 1243 1497 1288 inde
1527 1245 1581 1288 ab
1612 1259 1733 1288 anno
1761 1245 1956 1301 septimo
1988 1245 2148 1288 aetatis

153 1320 211 1366 ad
241 1317 547 1364 undecimum
578 1331 723 1374 usque
756 1315 952 1360 studiose
984 1329 1031 1360 se
1063 1314 1172 1359 dare
1208 1319 1284 1364 2⁷).
1355 1315 1478 1373 Quae
1518 1324 1676 1361 tamen
1706 1324 1852 1361 totam
1885 1329 1967 1374 per
1998 1314 2149 1361 homi·

152 1393 226 1437 nis
264 1392 413 1437 vitam
447 1397 693 1448 peragetur
727 1387 811 1442 23),
853 1388 1098 1432 senectutis
1132 1387 1325 1431 demum
1357 1388 1490 1433 annis
1524 1388 1825 1443 absolvenda,
1856 1388 1936 1431 ubi
1962 1387 2148 1434 senibus

151 1464 407 1510 lavationes
450 1462 654 1516 calidae,
684 1476 807 1518 ‘quae
838 1459 1101 1518 corporibus
1134 1460 1324 1504 eaedem
1370 1470 1416 1505 et
1448 1460 1788 1522 aegrotantium
1828 1468 1876 1505 et
1913 1460 2147 1507 laboribus

154 1537 445 1584 defessorum
479 1542 759 1580 succurrunt
787 1534 1020 1591 juvantes,
1052 1532 1334 1591 parabuntur
1363 1537 1440 1582 29).

1103 1737 1207 1805 11.

214 1859 299 1903 De
336 1870 582 1916 corpore
626 1854 752 1914 ipso
793 1856 1189 1915 gymnasticis
1229 1855 1782 1902 exercitationibus
1824 1858 2086 1903 colendo.

1080 2060 1117 2104 ὅ.
1187 2057 1231 2101 5.

153 2117 534 2220 (Qamquam
565 2154 770 2214 corporis
803 2153 978 2200 cultum
1008 2153 1159 2200 animi
1188 2148 1472 2200 institutioni
1502 2168 1592 2200 non
1626 2168 1725 2202 esse
1758 2153 2152 2215 postponendum,

149 2236 665 2307 W.
696 2251 733 2287 d.
761 2263 798 2288 e.

179 2312 248 2352 25)
302 2309 434 2359 Legg.
460 2304 531 2341 Vl.
556 2300 644 2349 764.
674 2313 709 2338 c.
733 2300 773 2338 d.

176 2360 244 2405 26)
297 2361 428 2407 Legg.
451 2357 537 2392 Vll.
562 2357 651 2391 813.
677 2365 712 2389 c.
738 2352 809 2389 Vl.
840 2349 927 2397 765.
954 2351 995 2389 d.
1020 2373 1070 2381 —
1095 2348 1185 2397 766.
1210 2350 1251 2389 b.
1276 2351 1363 2390 Vll.
1388 2354 1476 2390 διδ.
1505 2364 1542 2389 c.

178 2415 247 2456 27)
274 2409 432 2456 ,Leggu
467 2404 553 2441 Vll.
580 2405 668 2447 809.
697 2412 734 2438 e.

178 2460 247 2501 28)
302 2457 458 2495 Politia
482 2454 541 2490 111.
569 2458 657 2494 403.
687 2464 723 2488 c.

175 2509 247 2557 29)
299 2508 431 2555 Legg.
465 2505 531 2543 vl.
553 2500 642 2549 761.
668 2513 705 2537 c.
