2233 2752
951 86 1245 130 ..17-

102 207 219 268 grua
248 205 400 249 flexio*
424 211 468 248 et
505 203 714 248 extensio>
742 199 1229 265 singulis'tribuatur,
1271 206 1517 259 'motusque
1534 205 1714 247 'eorum
1745 204 2021 251 nu'm'erosus
2049 205 2101 252 in

50 304 53 309 ·
104 280 372 326 universam
404 278 696 325 saltationem
729 277 843 322 satis
876 292 924 321 se
956 275 1158 320 effundat
1189 272 1381 331 eamque
1413 285 1629 334 sequatur
1661 278 1745 333 49);
1779 279 1966 337 qualem
1998 279 2103 324 vim

102 354 142 398 si
175 367 280 399 eam
320 353 488 398 habere
529 340 772 407 volumus,
817 358 993 409 oportet
1022 349 1154 395 sumi
1180 349 1229 392 in
1257 347 1422 405 primis
1455 349 1743 396 saltationem
1796 352 2097 408 pulchrio-

106 441 230 476 rum
271 439 618 491 corporum,
658 440 785 490 quae
833 426 897 472 in
940 422 1300 484 graviorem
1338 430 1558 477 partem
1589 425 1841 480 imitetur3
1892 434 2097 474 attamen

103 502 296 546 alteram
328 499 469 545 etiam
503 497 885 557 turpiorum,
919 506 970 540 ut
1000 495 1122 552 infra
1153 509 1292 545 causa
1324 493 1475 538 addita
1518 492 1836 553 probabimus,
1879 514 1996 557 quae
2035 500 2094 545 in

103 574 283 618 vilem
325 579 604 629 partem,
630 556 887 629 rursusque
936 569 1195 626 levioris
1234 568 1423 626 partis
1477 568 1619 614 duae
1669 572 2092 632 gravior-isque

104 648 252 692 duae
308 644 458 689 aliae
500 652 619 707 sunt·
661 641 939 707 species3,
964 652 1098 701 atque
1143 639 1348 701 gravis
1381 640 1567 698 quidem
1597 644 1849 691 saltationis
1881 662 1993 690 una
2026 656 2096 691 est

101 706 357 779 species,
388 732 531 776 quum
561 705 1015 776 belloviolentisque
1047 715 1277 760 laboribus
1309 712 1543 772 implicata
1563 725 1669 761 sunt
1686 733 1876 776 corpora
1899 719 2091 778 pulchra

100 792 374 848 animusque
415 790 592 842 virilis,
624 793 859 844 alt-era,
903 803 1047 845 quum
1089 788 1273 831 animus
1304 796 1575 844 ,temperans
1604 788 1669 840 ‚in
1709 791 1845 834 rebus
1877 792 2092 836 secundis

101 876 146 910 et
185 862 489 921 voluptatibus
540 861 789 917 moderatis
826 869 1054 921 versatur.
1136 861 1269 904 Hanc
1310 869 1573 916 pacatam
1615 871 1735 906 recte
1779 864 2091 921 quis÷dixerit

94 937 421 991 saltationem,
468 934 600 979 illam
642 950 752 980 vero
781 935 1090 989 bellicam,
1139 949 1163 977 a
1197 941 1357 991 pacata
1389 932 1645 989 diversam,
1690 937 2084 994 pyrrhichen,

103 1027 240 1075 quae,
275 1019 329 1053 ub
344 1022 457 1073 eam
491 1008 676 1073 uberius
711 1009 851 1053 etiam
884 1007 1016 1052 desc}
1018 1007 1220 1060 ibamus,
1258 1006 1400 1050 flexus
1429 1022 1591 1067 eorp01
1597 1024 1675 1051 um
1706 1011 1942 1066 imitatur,
1987 1017 2085 1069 qui-

100 1085 183 1129 bus
216 1076 373 1143 plagae
405 1068 450 1125 et
479 1080 596 1142 ictus
622 1081 836 1126 vitantur
865 1079 1159 1142 declinando,
1193 1079 1353 1138 quavis
1378 1074 1553 1123 ratione
1573 1064 1797 1136 cedendo,
1832 1085 2084 1129 exsiliendo

102 1157 150 1200 in
203 1156 425 1209 sublime,
480 1169 577 1196 sese
630 1140 934 1208 demittendo,
992 1167 1192 1209 quaeque
1237 1151 1490 1196 contrarios
1535 1154 1647 1195 item
1689 1164 1866 1211 gestus,
1920 1159 2085 1214 quibus

101 1228 216 1292 mali
253 1224 470 1284 quiddam
512 1223 632 1285 aliis
661 1225 851 1268 affertur
878 1223 1159 1288 sagittando,
1192 1224 1456 1280 jaculando,
1489 1225 1737 1280 caedendo,
1771 1230 1990 1287 exprimit
2007 1231 2088 1280 50),

103 1303 212 1345 Hae
235 1313 344 1344 vero
377 1301 562 1351 omnes,
609 1297 803 1360 quaesin
836 1298 1104 1359 universum
1137 1297 1377 1341 saltatione
1417 1297 1560 1341 simul
1593 1307 1637 1341 et
1667 1309 1801 1342 cantu
1834 1302 2085 1348 conficiun-

99 1383 200 1426 tur,
249 1371 468 1425 choreae,
522 1372 810 1432 quarum'et
852 1369 1034 1432 gestum
1082 1378 1125 1413 et
1168 1368 1361 1413 modum
1403 1379 1447 1412 et
1488 1379 1675 1415 cantum
1719 1381 1762 1415 et
1793 1375 2084 1422 saltat-ionem

97 1448 311 1490 honestae
345 1452 441 1487 esse
475 1448 606 1507 notae
633 1431 877 1500 jubemus,
896 1435 1065 1487 Musis
1077 1453 1121 1486 et
1147 1443 1353 1500 Apollini
1386 1459 1411 1486 a
1435 1444 1537 1487 Diis
1571 1444 1741 1489 dicatae
1762 1457 1894 1502 sunt,
1926 1458 2085 1509 atque,

101 1520 156 1565 si
173 1527 197 1564 'a
221 1518 422 1562 senibus
454 1531 630 1575 quoque
663 1517 977 1589 celebrantur,
1018 1517 1249 1575 Dionyso,
1290 1526 1497 1561 ceterum
1531 1519 1739 1563 serviunt
1771 1529 1871 1564 tum
1907 1523 2083 1570 bellicis

100 1590 530 1642 exercitationibus,
561 1592 662 1634 tum
695 1578 1110 1654 supplicationibus
1143 1590 1410 1648 pompisque
1454 1590 1502 1632 in
1534 1592 1741 1634 Decium
1782 1593 2007 1639 honorem
2040 1614 2088 1641 a·

99 1665 265 1724 gendis
306 1662 378 1710 5¹).
461 1647 731 1739 Ubicunque
759 1667 868 1706 vero
900 1671 945 1705 et
989 1662 1254 1719 quandoque
1295 1663 1485 1706 choreae
1519 1660 1844 1719 instituuntur,
1889 1683 2087 1726 corpora

99 1736 291 1804 pulchra
321 1743 365 1779 et
398 1733 543 1778 animi
568 1734 766 1794 ingenui
800 1745 844 1779 et
876 1734 1092 1779 imitandi
1128 1743 1170 1778 et
1191 1723 1491 1793 exprimendi
1520 1745 1648 1790 sunt,
1691 1737 1974 1784 deformium
2009 1759 2088 1787 au-

98 1821 193 1853 tem
226 1823 473 1873 corporum
505 1816 550 1850 et
581 1807 932 1868 cogitationum
946 1809 1025 1866 qui
1055 1816 1159 1851 sunt
1185 1816 1367 1863 motus,
1402 1823 1679 1866 eorumque,
1715 1826 1830 1868 quae
1861 1813 1917 1856 ad
1935 1814 2084 1859 risum

99 1893 144 1928 et
179 1880 493 1945 cavillationes
526 1895 747 1925 conversa
769 1890 923 1938 sunt,
970 1896 1045 1924 eos
1082 1880 1243 1925 *verbis
1288 1881 1474 1938 quidem
1516 1890 1560 1924 et
1591 1892 1729 1926 cantu
1763 1893 1808 1927 et
1842 1888 2084 1932 saltatione

98 1955 287 2001 ludibrii
317 1952 455 1997 causa
484 1940 685 2007 ostendi,
718 1953 797 1997 sed
829 1969 854 1998 a
867 1954 1054 1997 nostris
1087 1946 1280 2010 Spectari
1312 1962 1493 1996 tantum
1520 1962 1563 1996 et
1595 1948 1809 2015 cognosci
1839 1959 1975 2015 licet,
2022 1971 2086 2006 at-

98 2041 255 2074 tamen
288 2026 621 2085 cognoscantur
652 2025 883 2082 velimus,
918 2026 1037 2085 quod
1063 2027 1160 2069 sine
1186 2025 1395 2070 ridiculis
1428 2027 1548 2071 seria
1580 2030 1883 2089 omnibusque
1906 2045 2088 2081 contra-

97 2106 180 2147 riis
223 2099 454 2147 contraria
503 2098 617 2142 disci
663 2108 916 2157 nequeunt,
959 2099 999 2144 si
1041 2098 1141 2158 quis
1182 2098 1378 2155 prudens
1412 2108 1479 2143 est
1504 2100 1720 2157 futurus,
1753 2104 1906 2151 facere
1930 2118 2085 2154 autem

99 2181 189 2220 non
220 2182 365 2234 potest
383 2181 611 2229 utraque,
640 2172 826 2235 quive}
853 2167 1027 2236 parum
1051 2173 1149 2216 vult
1176 2171 1362 2240 'virtutis
1392 2171 1620 2233 particeps
1653 2176 1784 2230 fieri,
1827 2181 1906 2223 sed
1937 2181 2083 2228 servis

124 2382 228 2430 Ln9)
244 2384 375 2433 Legg
403 2382 504 2420 vffn
518 2379 629 2427 795
643 2353 682 2417 e
1123 2382 1126 2384 ’

125 2432 191 2478 50)
245 2434 375 2482 Legg.
401 2433 484 2468 vn.
520 2434 607 2473 314
639 2443 674 2466 e
702 2430 864 2466 -815,
893 2440 931 2465 a.
958 2430 1009 2466 cf.
1061 2430 1148 2466 815
1176 2439 1217 2467 e

125 2483 193 2529 51)
245 2480 559 2532 Legg.11.654
586 2493 621 2518 e.
636 2490 648 2529 3
675 2477 762 2518 653
792 2466 1326 2529 d.665‘.a.‚V11.796.b
1354 2492 1387 2518 c.
1414 2481 1452 2518 d
1499 2489 1504 2497 ‘
