2182 2752
931 117 1198 162 ..4-

62 234 166 282 fieri
208 232 378 303 possit,
420 241 473 279 ut
513 248 596 294 pro
638 235 757 281 meis
799 234 1001 289 viribus,
1049 233 1260 293 quamvis
1300 233 1349 279 in
1390 248 1441 279 re
1478 233 1614 279 modo
1656 234 1866 294 abrupta,
1910 240 2061 295 ipsum

63 292 398 354 expeditiorem
430 293 524 338 sim
557 292 834 339 redditurus.
899 293 989 339 Sed
1024 292 1145 338 mihi
1177 292 1328 338 varias
1357 291 1640 338 educationis
1661 292 1818 338 animo
1846 293 2063 339 lustranti

65 363 245 414 partes,
278 360 324 396 et
353 351 627 408 universae,
661 351 717 396 ad
750 352 949 398 nationis
983 352 1161 397 cultum
1196 350 1468 409 spectantis,
1502 360 1547 396 et
1575 351 1811 410 specialis,
1845 366 1959 411 quae
1986 366 2061 397 vo-

66 421 224 467 catur,
281 410 487 471 singulos
550 410 871 469 amplectentis
921 409 976 455 ad
1023 410 1362 455 humanitatem
1404 408 1748 466 informandos,
1794 410 1848 454 ‹le
1899 410 2063 469 quibus

63 468 471 519 Plato.sententias
499 468 675 527 passim
708 477 754 514 et
778 476 1016 529 praecepta
1051 467 1202 523 dedit,
1233 483 1325 513 non
1352 467 1432 512 illa
1461 467 1648 526 quidem
1679 483 1786 514 suae
1817 467 1959 513 solius
1991 482 2062 512 ae-

64 530 171 576 tatis
198 526 496 582 hominibus,
531 526 612 572 sed
640 528 724 572 toti
736 551 765 582 ,—
785 527 903 586 quod
934 526 1083 582 vivet,
1122 526 1283 585 generi
1327 526 1723 582 commendanda,
1759 527 1878 571 nihil
1912 526 2060 585 digni-

64 605 119 635 us
147 595 217 633 est
246 586 433 641 visum,
476 584 531 631 de
556 600 652 645 quo
682 584 810 631 hisce
847 582 1033 645 pagellis
1065 583 1344 640 scriberem,
1386 596 1524 642 quam
1559 583 1863 645 quodcunque
1893 585 1947 631 ab
1982 585 2061 628 illo

65 655 135 696 est
175 645 232 691 de
268 645 564 706 gymnastica
608 643 901 704 disputatum.
985 642 1084 700 Qua
1123 650 1218 687 arte
1257 642 1404 688 sicubi
1446 641 1768 688 educationem
1809 643 2061 703 juventutis
2125 660 2127 662 ·

66 709 276 753 orbatam
308 702 549 757 videmus,
582 702 828 749 historiam
862 701 1073 748 omnium
1102 702 1393 747 saeculorum
1422 702 1778 760 perlustrantes,
1810 719 1901 748 non
1926 703 2059 762 longe
2113 736 2117 738 .

68 769 249 820 aberat,
297 763 409 822 quin
449 762 569 817 viri,
615 777 717 807 rem
751 761 978 821 sapienter
1015 760 1251 820 periteque
1295 761 1544 816 callentes,
1584 776 1803 807 mancam
1836 761 2061 807 educandi

67 826 301 872 rationem
336 830 559 880 cuperent
597 821 829 881 integram
869 820 1052 877 suisque
1102 819 1313 877 numeris
1356 820 1614 865 absolutam
1649 820 1864 876 reddere,
1918 836 2058 879 quam

64 899 177 931 vero
209 884 247 927 si
284 880 394 925 alibi
428 879 683 924 admissam
712 880 1049 938 conspicimus,
1095 876 1217 923 haud
1249 878 1395 923 semel
1424 878 1618 932 accidit,
1663 887 1739 934 ut,
1774 894 1863 938 qua
1892 894 2057 924 norma

67 943 123 988 ad
166 949 345 986 certam
387 938 485 994 ipsa
525 937 753 982 educandi
787 937 1013 982 rationem
1056 945 1310 994 temperata
1351 950 1515 995 pueros
1557 937 1837 995 juvenesque
1878 937 2058 982 confor-

66 999 260 1048 mandos
290 998 406 1041 bene
440 1005 596 1050 curet,
629 1011 682 1040 ea
714 1011 807 1040 non
840 995 983 1039 a'lium
1018 994 1068 1039 in
1098 1003 1318 1039 eventum
1348 994 1670 1050 excederetur,
1702 1010 1755 1041 ac
1781 995 1822 1040 si
1845 994 1916 1051 id,
1940 994 2058 1054 quod

65 1068 276 1104 mentem
314 1056 460 1100 ferret
496 1063 544 1098 et
583 1054 729 1098 oculis
761 1062 1067 1112 spectaretur,
1111 1053 1575 1110 potiusservandum
1607 1063 1727 1098 esset
1764 1064 1897 1113 atque
1927 1070 2058 1098 exco-

65 1118 286 1170 lendum,
327 1128 468 1172 quam
500 1113 574 1167 id,
618 1112 737 1171 quod
767 1114 818 1157 in
859 1127 1046 1170 corpore
1080 1111 1250 1156 inesset
1280 1126 1444 1180 regens
1477 1121 1611 1170 atque
1640 1112 1876 1171 imperans
1908 1114 1957 1157 vi
1992 1113 2057 1156 di-

65 1179 188 1224 vina.
255 1175 381 1230 Quae
412 1187 522 1216 cum
555 1173 618 1215 ita
651 1173 767 1225 sint,
806 1171 906 1230 quis
938 1171 1047 1215 duos
1078 1169 1156 1215 hic
1186 1186 1277 1214 non
1309 1170 1479 1215 viderit
1511 1171 1793 1229 effugiendos
1819 1173 2056 1230 scopulos?

65 1252 177 1297 quos
219 1248 313 1279 non
354 1231 610 1285 offendere,
666 1232 820 1288 majus
871 1245 1006 1289 prope
1039 1227 1237 1289 aliquid,
1271 1243 1410 1288 quam
1444 1230 1560 1288 quod
1594 1245 1619 1273 a
1653 1231 1821 1276 nostris
1855 1230 2057 1290 discipli-

64 1312 150 1341 nae
193 1292 401 1351 publicae
444 1290 683 1348 magistris
723 1289 945 1347 praestari
980 1298 1149 1346 queat,
1185 1304 1284 1333 esse
1325 1288 1517 1333 videtur.
1595 1289 1800 1345 Idcirco,
1839 1290 1958 1349 quod
2000 1290 2057 1334 ad

63 1370 167 1400 rem
200 1350 464 1412 plurimum
495 1348 637 1403 facit,
666 1363 723 1391 ne
756 1348 881 1391 illius
913 1347 1018 1391 arti·
1054 1348 1203 1392 cultus
1232 1356 1386 1391 nostro
1418 1356 1626 1406 tempore
1659 1348 1932 1406 abjiciatur,
1965 1363 2056 1393 non

63 1428 230 1459 eorum
260 1410 399 1453 modo
430 1407 712 1462 sententiae,
747 1407 826 1464 qui
857 1423 977 1453 nunc
1008 1416 1207 1452 aetatem
1238 1406 1433 1466 degunt,
1479 1422 1724 1457 summum
1757 1408 2054 1467 nimiumque

62 1471 369 1518 consiliorum
399 1475 444 1510 et
475 1465 709 1510 factorum
741 1465 1056 1521 moderantes,
1096 1464 1347 1508 audiendae
1376 1474 1508 1520 sunt,
1547 1481 1715 1510 verum
1748 1480 1912 1510 eorum
1944 1482 2052 1526 quo-

60 1547 147 1590 que
175 1527 502 1596 ingeniorum,
536 1539 675 1582 quae,
707 1524 757 1569 in
788 1525 1009 1571 Veterum
1055 1523 1215 1568 ordine
1247 1523 1438 1580 stantia,
1469 1540 1604 1570 voces
1635 1524 1689 1570 ad
1724 1541 1806 1571 nos
1836 1526 2056 1571 emittunt

58 1589 393 1652 gravissimas,
426 1583 507 1627 ubi
535 1583 773 1637 labamur,
804 1597 829 1627 e
859 1592 981 1627 recto
1012 1595 1172 1626 rerum
1202 1583 1339 1626 modo
1371 1584 1597 1628 cedentes.
1674 1585 1881 1640 Quorum
1913 1585 2052 1644 quod-

59 1664 172 1694 nam
207 1646 262 1690 de
296 1652 454 1688 nostra
497 1657 548 1684 re
579 1641 873 1701 gymnastica
904 1642 1153 1686 arbitretur
1193 1641 1438 1700 quisquam
1468 1643 1683 1703 graviore
1715 1657 1824 1687 cum
1854 1644 2052 1689 auctori-

58 1717 150 1752 tate
189 1718 334 1762 eaque
373 1700 651 1759 sapientiore
688 1700 940 1757 dijudicare
977 1715 1136 1758 posse,
1175 1714 1340 1758 quam,
1383 1716 1522 1759 quem
1552 1699 1718 1747 Cicero
1750 1703 1879 1760 quasi
1911 1702 2050 1752 deum

57 1764 442 1826 philosophorum
471 1759 698 1813 declarat,
731 1759 868 1803 illum
898 1759 1051 1817 ipsum
1082 1759 1351 1804 Platonem?
1413 1760 1537 1819 Ergo
1565 1776 1657 1804 non
1680 1762 1874 1819 paulum
1893 1760 2049 1807 forsan

56 1824 260 1886 juvabit,
301 1821 374 1875 si,
417 1832 716 1877 quaecunque
755 1817 835 1861 ille
874 1817 960 1862 hac
999 1817 1054 1861 de
1092 1832 1143 1861 re
1182 1817 1445 1876 scripserit,
1486 1828 1590 1862 tum
1630 1820 1859 1865 sententia
1894 1836 2049 1878 presse

54 1882 313 1937 reddenda,
346 1889 475 1935 tum,
516 1877 875 1936 quotiescunque
907 1886 1061 1922 nostra
1092 1876 1326 1937 cogitandi
1356 1876 1629 1936 dicendique
1661 1880 1779 1923 ratio
1813 1878 2050 1937 admittet,

53 1944 209 1992 verbis
242 1941 389 2000 ipsius
422 1937 643 1996 integris,
675 1936 812 1994 idque
842 1937 973 1982 Astio
1005 1937 1066 1983 V.
1097 1936 1146 1982 C.
1179 1937 1441 1981 maximam
1471 1947 1650 1996 partem
1674 1939 1951 1997 interprete,
1975 1941 2049 1984 ab·

54 2005 319 2055 solvamus,
357 1997 427 2043 sic
467 1995 682 2055 quidem,
732 2004 785 2040 ut
813 1996 910 2053 jam
939 1996 992 2041 de
1026 1995 1255 2054 principio
1287 1997 1447 2041 omnia
1477 1996 1531 2042 ab
1564 1997 1644 2041 illo
1677 1996 1733 2042 de
1765 1998 2050 2044 educationis

53 2063 241 2108 notione
274 2068 320 2103 et
349 2058 400 2102 vi
432 2065 567 2114 atque
599 2056 701 2112 ejus
732 2063 922 2114 utraque
953 2056 1076 2099 inter
1106 2070 1154 2099 se
1187 2055 1446 2100 necessario
1472 2057 1642 2113 conjun
1678 2056 1796 2102 enda
1826 2067 1955 2115 parte
1975 2073 2050 2102 ex·

52 2123 199 2182 posita
241 2117 402 2178 paucis
441 2113 828 2175 praemittamus;
878 2128 989 2171 quae
1034 2115 1076 2157 si
1115 2114 1277 2158 relicta
1318 2123 1496 2170 essent,
1535 2129 1628 2159 non
1704 2116 1911 2172 abueris,
1963 2131 2050 2174 quo

51 2190 206 2242 pacto,
239 2191 358 2237 quae
389 2174 446 2220 de
479 2173 579 2231 ipsa
610 2171 814 2229 corporis
844 2170 1087 2218 exercendi
1122 2181 1218 2216 arte
1251 2173 1498 2218 verissime
1529 2174 1751 2229 senserit,
1783 2170 2048 2233 perspicias.

52 2242 151 2298 Quo
190 2239 344 2292 fact0,
385 2241 601 2277 nostrum
639 2245 737 2275 esse
778 2232 968 2288 poterit,
1008 2231 1326 2286 considerare,
1369 2241 1592 2290 quatenus
1623 2233 1803 2276 Platoni
1834 2233 2048 2279 concina·
2119 2277 2122 2279 ,

52 2314 184 2353 mus,
226 2297 303 2342 vel
344 2295 519 2352 potius,
561 2304 703 2349 quam
734 2289 825 2333 late
854 2291 952 2347 ejus
981 2299 1029 2336 et
1058 2289 1267 2335 doctrina
1294 2299 1339 2334 et
1363 2299 1607 2348 praecepta
1628 2300 1846 2349 pateant,
1890 2306 2049 2351 quam·

52 2373 138 2420 que
164 2363 276 2404 vere
304 2354 400 2400 sint
430 2350 621 2405 idonea,
638 2363 768 2408 -quae
796 2357 950 2394 nostra
969 2349 1291 2410 gymnasticae
1320 2349 1498 2405 studia,
1531 2349 1609 2394 ubi
1630 2352 1928 2410 languescere
1949 2368 2048 2398 coe-

49 2433 180 2479 pere,
219 2425 319 2459 tam
355 2410 659 2464 resuscitent,
706 2423 873 2467 quam,
921 2410 1001 2455 ubi
1039 2410 1161 2460 ultra
1195 2408 1391 2459 modum
1428 2409 1789 2470 progrediuntur
1837 2420 2046 2464 rectum,

48 2476 358 2527 moderentur.
761 2496 763 2498 »
