2305 2776
1060 102 1329 148 ...8.-

192 224 351 268 xiones
392 218 674 265 inferentem
715 219 944 278 plurimos
984 220 1303 277 medicorum,
1353 222 1433 281 qui
1473 222 1716 276 dicuntur,
1758 223 1869 266 adeo
1910 224 2096 280 fallere,
2142 236 2191 268 ut

192 293 438 342 contrariis
482 306 671 337 causam
715 293 991 351 attribuant3
1034 303 1193 339 contra
1226 295 1266 340 si
1295 310 1460 355 corpus
1492 295 1654 356 ingens
1688 295 1921 355 nimisque
1952 312 2089 358 segne
2121 313 2193 344 co-

193 373 405 430 pulatum
438 366 582 410 fuerit
612 380 721 411 cum
754 368 922 425 pusilla
962 378 1008 413 et
1045 368 1281 413 imbecilla-
1314 378 1494 424 mente,
1536 378 1638 413 tum
1673 368 1941 427 potentioris
1977 378 2191 425 naturae,

196 455 312 504 quae
354 438 543 498 quidem
576 439 817 496 alimenti,
859 444 951 485 non
983 439 1233 499 sapientiae
1265 441 1433 500 cupida
1463 450 1557 498 est,
1597 441 1894 502 agitationes,
1926 452 2191 500 superantes

190 527 386 571 remque
418 520 551 555 suam
586 522 830 572 augentes,
870 515 1081 557 animum
1115 529 1225 558 vero
1256 516 1468 558 hebetem
1499 524 1544 558 et
1571 515 1822 559 indocilem
1856 523 1902 558 et
1942 515 2191 558 immemo-

191 602 296 634 rem
330 583 598 641 reddentes,
630 588 898 632 maximum
928 587 1170 642 morbum,
1215 587 1476 644 inscitiam,
1519 587 1722 634 efficere.
1791 589 1891 646 Una
1924 588 2068 646 igitur
2096 601 2192 632 am·

190 665 361 708 borum
401 660 522 704 salus
554 659 812 716 reperitur,
857 662 896 704 si
927 676 1070 718 neque
1104 661 1319 705 animum
1360 662 1460 706 sine
1500 676 1692 720 corpore
1734 675 2005 716 movemus,
2047 676 2192 720 neque

189 751 361 794 corpus
391 733 491 780 sine
524 732 715 789 animo,
748 743 800 779 ut
834 734 1145 780 contendendo
1173 735 1369 781 evadant
1399 737 1606 800 aequalia
1624 736 1746 780 inter
1763 751 1811 780 se
1833 744 1966 794 atque
1990 751 2102 780 sana
2122 738 2188 784 ¹³).

372 922 710 971 Doctrinarum
746 920 892 981 igitur
922 922 1180 967 studiosum
1211 923 1285 967 vel
1317 921 1366 967 in
1397 923 1489 969 alia
1507 922 2190 982 quapiamymeditatione,men·

191 1001 344 1056 tisque
375 996 707 1040 exercitatione
740 1005 1004 1039 versantem
1036 996 1238 1053 corporis
1272 1011 1450 1054 quoque
1484 997 1740 1040 motionem
1782 996 2030 1055 adjungere
2062 1011 2191 1055 opor-

192 1090 284 1137 tet,
317 1070 768 1137 gymnasticam
810 1076 867 1126 ¹¹¹)
899 1084 1198 1131 tractantem,
1231 1091 1341 1122 eum
1361 1086 1546 1133 contra,
1580 1078 1660 1136 qui
1677 1093 1842 1137 corpus
1873 1077 2030 1123 sedulo
2062 1078 2192 1137 fingit

190 1164 239 1199 et
277 1153 472 1206 excolit,
515 1152 665 1195 animi
700 1151 949 1210 adjungere
999 1157 1172 1207 oportet
1203 1152 1459 1206 motiones,
1503 1150 1737 1195 musica
1789 1150 2190 1210 universaque

194 1225 582 1287 philosophia
627 1234 864 1280 utentem,
906 1224 946 1267 si
988 1224 1174 1281 quidem
1218 1226 1320 1282 jure
1351 1234 1543 1281 uterque
1575 1224 1777 1268 voluerit
1818 1224 1960 1268 simul
2003 1225 2194 1281 pulcher

192 1301 427 1358 simulque
459 1312 570 1342 vere
604 1298 748 1341 bonus
780 1297 1006 1356 appellari.
1063 1296 1242 1342 Eadem
1265 1311 1375 1343 vero
1407 1296 1494 1341 hac
1524 1296 1727 1352 ratione,
1762 1308 1849 1355 qua
1880 1303 2055 1352 totum,
2087 1308 2193 1344 sunt

194 1383 344 1434 partes
379 1386 558 1430 quoque
588 1371 832 1414 curandae.

371 1458 566 1503 Etenim
612 1473 805 1517 corpus,
848 1471 992 1516 quum
1035 1459 1085 1503 ab
1128 1458 1212 1512 iis,
1255 1470 1367 1516 quae
1413 1456 1764 1517 ingrediuntur,
1796 1463 1963 1501 uratur
1991 1457 2113 1504 intus
2146 1470 2207 1504 et*

188 1536 522 1595 refrigeretur,
562 1546 816 1595 rursusque
858 1546 882 1574 a
917 1532 1049 1576 rebus
1081 1530 1283 1575 externis
1315 1531 1572 1575 exsiccetur
1601 1540 1647 1574 et
1678 1530 1997 1585 humectetur,
2026 1546 2189 1590 eaque,

191 1622 307 1668 quae
329 1642 331 1645 .
351 1620 460 1652 cum
500 1605 574 1649 his
606 1605 851 1661 conjuncta
896 1614 1024 1659 sunt,
1054 1606 1276 1662 patiatur,
1310 1604 1350 1648 si
1380 1604 1617 1662 quiescens
1650 1603 1850 1648 traditur
1881 1605 2186 1660 motionibus,

190 1682 312 1741 perit
341 1687 647 1737 superatum3
691 1686 737 1720 at
770 1678 807 1721 si
843 1678 969 1735 quis,
1001 1691 1135 1735 quam
1169 1677 1381 1722 altricem
1414 1686 1459 1721 et
1490 1677 1723 1721 nutricem
1755 1676 1962 1721 universi
1992 1680 2187 1736 >appella-

188 1756 342 1809 veris,
385 1753 601 1797 imitatur
633 1756 877 1805 naturam,
916 1766 1058 1808 neque
1100 1767 1266 1808 corpus
1311 1751 1502 1794 omnino
1545 1763 1751 1808 unquam
1782 1751 2017 1807 quiescere
2049 1751 2184 1808 sinit,

189 1829 268 1875 sed
300 1835 473 1881 movet,
504 1834 565 1880 et,
586 1824 908 1868 concussiones
928 1839 1108 1882 semper
1126 1825 1301 1883 aliquas
1322 1825 1366 1868 ei
1387 1823 1626 1880 injiciens,
1653 1838 1799 1881 usque
1824 1835 1999 1881 quaque
2024 1839 2186 1870 secun-

188 1903 302 1947 dum
323 1911 538 1945 naturam
557 1897 740 1954 repellit
759 1897 866 1940 istas
886 1897 1125 1942 interiores
1142 1907 1186 1941 et
1201 1898 1450 1941 exteriores
1470 1883 1712 1951 motiones,
1731 1895 2003 1953 modiceque
2022 1912 2186 1942 concu-

187 1978 307 2020 tiens
350 1973 615 2018 affectiones
656 1970 705 2014 in
747 1985 935 2027 corpore
977 1988 1112 2029 vagas
1150 1972 1339 2028 ejusque
1381 1979 1531 2027 partes
1569 1985 1650 2026 pro
1681 1969 1951 2027 cognatione
1983 1970 2032 2013 in
2065 1972 2184 2015 ordi-

189 2064 297 2094 nem
332 2048 454 2092 inter
487 2061 533 2089 se
566 2043 780 2099 adducit,
811 2058 902 2087 non
935 2043 1184 2089 inimicum
1218 2043 1412 2088 inimico
1440 2043 1678 2087 admotum
1710 2043 1831 2088 sinet
1860 2042 1978 2087 bella
2010 2043 2182 2090 inferre

183 2123 371 2180 ‘corpori
409 2129 542 2176 atque
579 2117 790 2169 morbos,
824 2117 902 2159 sed
932 2117 978 2159 id
1008 2117 1275 2170 contendet,
1308 2126 1358 2159 ut
1391 2116 1601 2160 amicum
1632 2116 1787 2159 ami-eo
1816 2115 2071 2159 adhaerens
2105 2133 2179 2162 sa-

185 2197 435 2241 nitatem
469 2191 651 2236 efficiat.
694 2187 770 2242 ι5).
836 2190 906 2233 Ex
942 2191 1220 2235 motionibus
1258 2199 1414 2235 autem
1446 2189 1621 2247 optima
1649 2197 1742 2244 est,
1775 2203 1890 2247 quae
1925 2188 2022 2246 ipsa
2055 2189 2103 2234 in
2133 2207 2180 2235 se

187 2309 688 2328 ——ss-——d——m

214 2366 275 2412 13)
328 2363 437 2400 Tim.
467 2351 530 2409 '871
560 2360 598 2397 d.
628 2345 835 2412 fassi).
1628 2364 1646 2375 υ

213 2416 275 2462 14)
327 2414 439 2450 Tim.
469 2415 532 2454 88.
561 2424 595 2448 e.
632 2412 684 2447 cf.
715 2410 838 2446 Polit.
869 2408 911 2444 ll.
939 2406 1025 2456 376.
1054 2420 1115 2454 e.;
1144 2408 1204 2445 111.
1230 2416 1319 2455 411.
1348 2419 1405 2455 e.,
1430 2410 1517 2445 412.
1546 2419 1583 2444 a.
1787 2450 1790 2453 ¹

212 2468 276 2513 15)
329 2464 548 2551 gneGorg.
582 2469 670 2508 452.
700 2462 738 2497 b.
777 2461 906 2509 Gorg.
942 2467 1028 2505 504.
1064 2462 1099 2496 b.
1164 2459 1322 2526 Plxsseb.
1346 2468 1417 2530 25.¹
1438 2459 1578 2531 Synip.
1606 2455 1692 2502 186.
1720 2470 1756 2494 a.
1781 2459 1904 2496 Polit.
1929 2460 1998 2497 lv.
2027 2465 2115 2506 4442
2143 2472 2177 2496 c.
