2233 2752
912 86 1000 108 v—
1060 66 1238 109 21-

94 195 200 227 mus
236 180 425 229 collecta
467 192 511 228 et
549 181 826 240 composita,
872 196 1043 240 pauca,
1086 178 1206 240 quae
1241 180 1555 225 illustremus·
1570 181 1757 236 leviter,
1809 167 2091 236 occurrunt,

95 256 322 311 plurima,
358 257 507 300 immo
536 269 677 314 paene
710 255 870 300 omnia
903 270 1001 301 sese
1035 256 1246 327 aperiunt
1274 254 1372 313 ipsa
1404 255 1598 313 legenti,
1644 255 1816 300 nullius
1850 269 1989 313 opera
2017 269 2091 298 ex·

90 328 309 384 planandi
341 329 613 387 indigentia.

266 417 338 461 Ac
379 416 586 473 primum
620 416 745 460 notio
780 415 891 460 artis
932 415 1074 461 totius
1112 414 1365 470 educandi,
1412 416 1556 473 qualis
1599 417 1659 461 sit
1702 415 1868 474 quidve
1913 416 2088 469 valeat,

89 496 186 531 tam
218 490 308 531 lato
343 504 554 546 expressa
587 499 655 533 est
688 489 890 544 ambitu,
921 498 973 532 ut
1004 489 1061 533 ad
1092 490 1345 547 perfectam
1377 489 1663 532 educationis
1698 489 2085 545 descriptionem,

89 560 140 603 in
173 568 377 605 nostram
408 570 605 606 aetatem
635 563 884 620 repositam
917 560 1011 618 ⁵9),
1038 562 1250 620 propius,
1279 570 1418 619 quam
1447 562 1661 620 cuiquam
1685 561 1923 615 videatur,
1958 576 2086 604 acce-

92 633 183 679 dat.
261 635 468 692 Namque
509 636 550 678 si
588 636 688 692 quis
723 636 958 678 Platonem
996 636 1120 680 cives
1158 637 1275 679 solos
1318 634 1575 677 educandos
1606 634 1892 690 praecepisse
1927 635 2084 690 opine‘-

90 713 194 760 tur,
230 721 322 750 non
353 707 591 763 homines,
621 708 701 766 qui
733 708 826 752 sint
854 708 1036 765 generis
1069 707 1299 760 universi,
1329 722 1434 750 eum
1459 707 1571 750 illud
1593 706 1733 764 sugit,
1769 706 1889 763 quod
1911 705 2085 752 Graeci

91 777 148 822 ad
176 778 343 823 liberos
377 779 524 837 cives,
563 781 642 838 qui
676 792 817 838 aeque
848 780 1063 824 homines
1097 781 1227 838 atque
1261 778 1439 824 civitati
1472 779 1654 822 obnoxii
1687 779 1992 833 ducebantur,
2034 778 2083 821 in

75 850 324 896 ‘educando
356 867 620 911 respexere3
652 867 935 912 quamquam
968 853 1064 911 ipsa
1092 853 1295 898 hominis
1328 862 1516 907 natura,
1550 867 1659 911 quas
1690 853 1738 896 in
1770 861 1918 909 partes
1943 867 2085 909 quan-

98 933 291 984 tumque
325 925 373 969 in
402 926 544 970 finem
577 925 720 985 possit
738 927 911 982 excoli,
945 926 1149 971 nondum
1180 928 1313 985 plane
1347 926 1545 984 dispecta
1577 935 1698 981 erat,
1722 925 1800 970 sed
1821 926 1878 970 iis
1901 925 2082 983 potissi-

89 1013 248 1054 mum,
288 998 451 1057 quibus
489 1000 606 1045 civis
646 1000 860 1044 animum
899 1001 1055 1044 ornari
1093 1001 1333 1058 putabant,
1375 1000 1620 1044 virtutibus
1663 999 1867 1057 praedita
1911 999 2082 1057 cogita-

88 1071 235 1117 batur.

201 1173 206 1181 ·
266 1160 390 1215 Quae
424 1159 585 1203 deinde
619 1158 672 1203 de
706 1159 974 1203 necessitate
1002 1159 1355 1217 gymnasticam
1378 1167 1424 1203 et
1461 1159 1691 1204 musicam
1722 1158 1865 1204 simul
1898 1158 2080 1203 eadem-

87 1245 175 1290 que
204 1230 255 1277 vi
283 1247 340 1276 ex
370 1231 450 1276 illa
483 1232 667 1276 notione
702 1230 942 1277 derivandi
974 1231 1093 1276 dicta
1123 1239 1255 1286 sunt,
1286 1232 1467 1298 planius
1503 1232 1837 1298 dilucidiusque
1871 1231 2080 1289 expedita

73 1312 135 1350 'se
163 1303 384 1361 offerunt,
416 1320 556 1364 quam
589 1301 753 1365 quibus
786 1304 1038 1350 audeamus
1069 1296 1221 1350 lucem
1256 1305 1460 1365 aliquam
1492 1304 1665 1351 afferre.
1746 1305 2078 1350 Necessitatem

85 1393 195 1422 vero
228 1373 360 1423 issam
392 1380 489 1422 tam
521 1379 760 1460 perspicue
792 1394 882 1422 non
916 1370 1196 1435 exposuisset
1228 1382 1384 1435 Plato,
1432 1380 1525 1424 nisi
1556 1380 1648 1423 illis
1681 1379 1730 1422 in
1762 1379 1902 1433 locis,
1951 1388 1999 1422 ut
2028 1380 2079 1423 in

86 1451 301 1496 omnibus
335 1452 433 1495 fere
465 1451 560 1496 suis
595 1446 804 1509 operibus
835 1451 1110 1509 praeclaris,
1151 1453 1367 1496 morbum
1399 1452 1547 1496 animi
1580 1452 1727 1495 simili
1754 1451 1905 1494 indole
1937 1452 2078 1496 ratio-

77 1528 233 1583 ‘neque
268 1533 402 1583 atque
446 1525 649 1582 corpoiis
683 1524 912 1568 statuisset
944 1524 994 1567 in
1027 1523 1229 1568 hominis
1264 1534 1450 1579 natura3
1495 1540 1582 1582 qua
1615 1524 1957 1581 compaxatione
1988 1533 2080 1570 sta·

85 1607 184 1645 tuta
213 1607 258 1642 et
297 1597 347 1641 in
384 1595 654 1655 disputando
685 1596 963 1651 observata,
990 1583 1283 1664 philosophus
1318 1601 1471 1642 noster
1500 1597 1555 1642 ad
1589 1596 1988 1655 ingeniosissimas
2022 1597 2076 1642 de

83 1669 353 1716 educatione
386 1669 660 1723 sententias,
691 1671 856 1743 easque
884 1668 1177 1723 verissimas,
1211 1661 1455 1734 adductus,
1487 1667 1806 1729 gymnasticae
1826 1669 1944 1727 jura,
1967 1685 2075 1728 qua-

84 1744 148 1788 lia
181 1752 434 1801 quantaque
467 1743 585 1797 sint,
617 1737 801 1787 summa
832 1738 1081 1788 evidentia
1098 1741 1273 1796 docuit,
1306 1731 1560 1799 justissime
1594 1743 1750 1786 edixit.
1832 1742 1955 1797 Quae
1986 1746 2075 1800 q‘uo

75 1809 265 1873 ‘majore
291 1823 399 1861 sunt
429 1814 530 1860 data
564 1823 609 1859 et
641 1812 833 1860 x'reritate
866 1824 911 1859 et
941 1813 1288 1874 perspicuitate,
1317 1831 1368 1859 eo
1401 1815 1550 1879 magis
1583 1814 1815 1874 inopinate
1846 1814 2076 1859 lectorum

88 1890 318 1948 rationem
339 1887 571 1948 cogitandi
597 1888 685 1932 sibi
705 1898 1038 1948 congruentem
1071 1887 1288 1942 offendet,
1322 1888 1541 1946 quidquid
1565 1896 1990 1932 commemoratum
2009 1898 2079 1934 est

85 1966 120 2011 §.
163 1965 189 2007 5
223 1970 268 2005 et
306 1959 374 2014 6.,
427 1975 483 2003 ex
522 1959 707 2018 politiae
745 1960 903 2004 libris
922 1960 1241 2018 depromtum,
1280 1974 1359 2014 ac,
1385 1975 1496 2020 non
1527 1961 1729 2004 multum
1765 1960 1915 2015 abest,
1963 1962 2077 2019 quin

85 2037 155 2081 «le
170 2032 485 2095 gymnasticae
518 2030 567 2077 vi
598 2037 643 2075 et
673 2025 942 2077 auctoritate
983 2028 1269 2091 aliquantum
1307 2029 1527 2076 detrahat
1602 2033 1825 2075 Attamen
1857 2034 2077 2091 quisque,

85 2108 267 2154 diversa
301 2118 461 2164 opera,
491 2102 652 2165 quibus
679 2100 795 2149 haec
827 2104 881 2149 de
910 2104 1074 2149 eadem
1101 2119 1151 2148 re
1180 2099 1321 2171 prope
1355 2102 1539 2150 diversa
1564 2103 1865 2160 exhibentur,
1897 2108 2075 2164 pervol-

110 2312 179 2358 59)
233 2310 283 2346 cf.
311 2308 354 2344 Β.
382 2308 438 2344 Η
464 2305 646 2343 Blaschii
681 2306 736 2343 V.
774 2305 818 2343 C.
852 2306 1030 2342 librum:
1085 2303 1316 2341 Handbuch
1346 2303 1423 2340 der
1447 2304 2073 2364 Erziehungswisscnscltaftp.

228 2364 253 2403 7
277 2364 319 2394 et
343 2360 391 2404 8,
428 2357 501 2394 ubi
537 2356 719 2407 legitur.
781 2355 860 2392 Die
898 2353 1140 2404 Erziehung
1175 2354 1231 2389 ist
1262 2355 1357 2390 eine
1390 2356 1569 2405 geistige
1606 2356 1813 2409 Zeugung
1850 2371 1928 2395 zur
1959 2361 2077 2396 Fort-

230 2410 452 2458 pflanzung
485 2407 560 2444 der
594 2405 1035 2481 IVIenschenbildung3f
1061 2384 1145 2472 also
1191 2405 1369 2443 mittelst
1407 2405 1631 2457 Erregung
1680 2407 1756 2444 der
1797 2410 1955 2460 Anlage
2000 2423 2078 2447 zur

233 2457 717 2506 Selbstentwickelung.
1063 2480 1067 2483 ν
1200 2478 1212 2484 -Δ
1277 2475 1285 2483 ÷
2010 2481 2051 2486 *-
