2305 2776
964 97 1260 139 ...20-

108 225 300 276 utraque
334 223 460 275 parte
505 214 598 261 sint
633 214 729 262 fere
773 213 1075 275 aequilibria,
1121 222 1224 258 tum
1267 214 1500 261 dementia
1533 215 1770 262 nutricum
1803 226 1848 263 et
1878 226 2111 271 matrum,

109 299 214 340 tum
251 299 406 336 nostro
448 290 656 348 ipsorum
692 305 779 333 usu
821 304 961 347 pravo
995 288 1256 333 differentia
1287 289 1404 332 fiunt
1435 298 1485 333 et.
1512 291 1644 348 quasi
1678 291 1853 336 clauda.
1937 292 2113 338 Curare

110 364 287 409 idcirco
316 372 491 420 oportet
522 363 776 421 praefectas
810 372 855 406 et
880 362 1164 419 praefectos,
1208 363 1308 406 illas
1342 364 1390 405 in
1423 363 1545 408 ludis
1585 373 1631 407 et
1661 364 1931 408 educatione
1963 366 2113 408 obser-

110 447 302 493 vantes,
346 438 429 481 hos
470 435 520 480 in
554 436 836 494 disciplinis,
875 444 926 479 ut
965 435 1155 492 integris
1185 443 1229 478 et
1261 434 1449 492 pedibus
1483 445 1528 481 et
1561 437 1775 493 manibus
1804 452 1964 482 omnes
1997 436 2114 481 exsi-

114 520 261 566 stant,
296 526 381 555 nec
413 508 746 554 consuetudine
781 518 999 553 naturam
1026 507 1208 551 laedant
1242 506 1315 556 5⁷).
1345 518 1349 521 ·

294 600 366 642 De
399 596 657 642 venandi
686 594 1214 658 generibusjuvenes
1238 603 1414 640 nostros
1439 595 1707 652 hortamur,
1728 613 1785 641 ne
1805 598 1956 643 studio
1979 611 2114 644 vena-

115 671 257 717 tionis
289 671 499 715 marinae
522 680 730 727 unquam
763 685 811 713 se
844 669 1030 720 dedant,
1059 683 1204 724 neque
1226 668 1491 725 piscationis
1516 669 1655 714 hamo
1676 671 2012 725 instituendae,
2038 687 2113 715 ne-

117 762 205 804 que
247 744 436 789 omnino
478 743 795 787 animantium
832 740 1128 800 aquatilium,
1178 756 1324 798 neque
1369 740 1442 786 die
1483 749 1679 789 noctuve
1722 745 1868 790 nassis
1914 743 2113 789 inertem

113 819 412 864 venationem
432 824 699 869 exerceant3
729 830 882 872 neque]
895 815 1059 867 etiam,
1081 813 1303 871 piraticae
1327 813 1552 859 desiderio
1576 816 1865 876 indulgentes
1882 849 1896 872 ,
1927 826 2113 862 venato-

115 908 189 937 res
222 891 474 935 hominum
505 890 738 933 immanes
775 903 801 932 a
830 888 1094 947 legibusque
1124 888 1275 934 aversi
1308 888 1431 933 fiant.
1500 890 1632 933 Furti
1663 905 1774 935 vero
1807 890 2032 950 cupiditas
2065 891 2113 934 in

116 965 306 1025 regione
336 973 382 1008 et
418 964 532 1007 urbe
571 961 898 1008 committendi
927 976 982 1005 ne
1015 960 1064 1004 in
1103 969 1309 1005 mentem
1342 961 1530 1021 quidem
1562 962 1744 1018 veniat,
1793 979 1940 1023 neque
1973 964 2114 1009 etiam

117 1040 382 1085 volatilium
414 1037 673 1082 venationis
703 1050 860 1090 amor,
891 1034 1077 1078 blandus
1106 1034 1184 1078 ille
1212 1035 1425 1093 quidem,
1457 1036 1537 1080 sed
1556 1052 1645 1080 non
1664 1037 1921 1097 ingenuus,
1955 1051 2114 1095 quem-

120 1127 267 1173 quam*
322 1112 551 1169 juvenum
611 1109 815 1156 invadat.
886 1106 1172 1151 Pedestrium
1218 1106 1363 1167 igitur
1425 1110 1521 1153 sola
1578 1110 1761 1154 venatio
1820 1119 1865 1154 et
1925 1120 2113 1168 captura

114 1184 424 1243 relinquitur,
492 1198 548 1227 ex
595 1182 775 1240 rquibus
840 1195 967 1235 eam,
1028 1194 1144 1238 quae
1204 1190 1272 1225 est
1342 1181 1568 1225 inertium
1625 1183 1864 1238 virorum,
1922 1185 2113 1229 alternis

118 1257 492 1310 dormientium,
532 1264 847 1313 nocturnaque
887 1255 1161 1312 appellatur,
1206 1269 1297 1299 non
1328 1253 1598 1310 laudamus,
1631 1270 1778 1314 neque
1810 1257 1968 1311 illam,
2000 1272 2114 1316 quae

116 1333 332 1377 laborum
370 1326 744 1374 intermissiones
778 1327 1023 1386 praebens,
1066 1341 1230 1387 eorum
1258 1327 1351 1383 est,
1395 1326 1474 1385 qui
1501 1327 1673 1373 retibus
1701 1337 1747 1375 et
1777 1329 1951 1388 laqueis
1961 1353 1992 1385 ,·
2023 1345 2113 1375 non

115 1406 229 1453 forti
260 1394 649 1448 animo'immane
672 1402 930 1446 belluarum
950 1402 1090 1446 robur
1110 1400 1309 1445 domant.
1374 1403 1442 1446 Ita
1462 1404 1609 1456 solam
1636 1402 1765 1448 nobis
1787 1410 2052 1461 superesse,
2072 1414 2117 1453 et

119 1479 374 1538 optimam,
414 1476 630 1522 videmus
654 1474 1012 1534 quadrupedum
1046 1473 1366 1529 venationem,
1405 1489 1569 1532 quam,
1621 1476 1883 1534 quicunque
1929 1477 2113 1526 divinae

117 1551 302 1598 student
344 1548 632 1603 fortitudini,
674 1547 802 1606 equis
844 1555 889 1591 et
930 1547 1147 1601 canibus,
1196 1546 1246 1590 in
1279 1545 1675 1607 primis'propriis
1707 1550 1912 1607 corporis
1941 1550 2119 1598 viribus

117 1633 363 1685 peragent,
396 1622 608 1668 cursibus
639 1628 983 1680 persequentes,
1014 1617 1186 1679 plagis,
1218 1619 1383 1664 ictibus
1418 1619 1498 1670 ⁵3).

670 1977 1562 2060 EpiloguS.

115 2215 248 2304 Hac
279 2257 459 2303 ratione
491 2255 691 2308 Platonis
724 2262 772 2298 et
799 2255 1047 2301 sententias
1067 2256 1126 2300 'et
1157 2261 1396 2313 praecepta
1425 2253 1479 2298 de
1509 2268 1560 2297 re
1590 2255 1885 2314 gymnastica
1917 2255 1957 2300 si
1990 2256 2115 2302 vido-

139 2459 210 2502 57]
266 2456 393 2505 Legg.
420 2453 507 2491 Vll.
532 2458 620 2499 794.
643 2451 683 2490 d.
716 2473 760 2480 -
785 2451 875 2498 795.
902 2449 938 2488 d.

140 2509 209 2546 58)
261 2507 391 2554 Legg·.
419 2504 503 2541 vll.
529 2505 618 2540 82³.
647 2503 687 2539 d.
716 2513 847 2551 usque
873 2501 924 2538 ad
951 2500 1052 2538 libri
1075 2501 1212 2539 finem.
