2233 2752
957 117 1017 126 -
1070 95 1130 140 19
1193 101 1273 159 -j

114 216 254 260 etiam
284 213 475 260 fortasse
503 213 742 273 pluribus,
762 213 851 258 ‘sed
882 212 1051 271 ubique
1071 211 1159 256 hac
1181 221 1375 270 superet,
1436 215 1678 257 Praeterea
1700 212 1815 257 alius
1838 214 2098 270 praeclarae

109 286 223 332 *artis
265 287 563 346 cupiditatem
594 286 676 331 illa
716 286 906 343 excitat;
949 286 1140 344 quisque
1184 286 1339 340 enim,
1383 285 1462 343 qui
1505 294 1652 330 artem
1686 286 1828 330 armis
1861 286 2096 345 pugnandi

113 360 348 416 didicerit,
393 374 497 405 eam
532 351 674 403 etiam
707 368 909 418 appetet,
955 374 1070 418 quae
1112 372 1219 402 cum
1251 359 1331 402 illa
1363 361 1604 416 conjuncta
1637 369 1726 415 est,
1775 360 1833 403 ad
1862 360 1983 404 acies
2015 359 2096 407 ina

111 433 323 494 quidem,
360 433 649 478 instruendas
712 442 956 492 spectans3
1034 447 1170 490 quam
1240 449 1386 490 quum
1444 433 1695 491 perceperit
1761 434 2095 492 ambitioseque

114 506 397 561 exercuerit,
437 505 494 550 ad
535 507 807 551 universum
850 505 961 549 artis
1003 505 1326 564 imperatoriae
1369 506 1569 550 studium
1608 506 1913 567 aggredietur.
2009 510 2098 554 lta-

113 598 197 641 que
235 582 339 638 ]‘am-
371 589 517 638 patet,
560 594 719 624 omnes
757 594 865 624 cum
908 579 980 624 his
1026 581 1292 636 conjunctas
1319 589 1445 624 ‚artes
1479 590 1522 623 et
1552 580 1701 625 studia
1728 583 1961 639 praeclara
1995 599 2094 628 esse

41 649 45 653 ’
111 656 389 713 omninaque
424 653 588 713 digna,
620 669 733 712 quae
766 654 842 699 vir
869 654 1012 698 discat
1043 664 1086 697 et
1117 663 1302 709 trectet,
1345 667 1540 711 quorum
1571 654 1753 711 quidem
1789 653 1978 699 initium
2013 657 2093 702 du-

110 732 232 775 citur
262 731 315 774 ab
344 729 432 785 hac
459 737 567 771 arte.
632 728 1015 779 Additamentum
1038 744 1146 774 vero
1168 728 1289 772 haud
1310 728 1527 787 exiguum
1554 727 1641 770 erit
1661 728 1770 783 hoc,
1794 730 1910 787 quod
1935 745 2094 788 quem-

106 820 201 863 que,
244 804 399 847 virum
448 802 513 845 in‘
536 803 653 846 bello
699 811 744 845 et
788 801 1164 846 confidentiorem
1204 810 1250 845 et
1287 801 1527 846 fortiorem
1568 803 1737 856 multo,
1779 818 1918 862 quam
1960 813 2095 849 antea

102 887 233 931 erat,
268 876 438 920 efficiet
471 876 580 919 haec
612 875 877 932 disciplina3
914 889 1060 932 neque
1091 875 1206 919 illud
1237 876 1425 932 insuper
1455 875 1766 932 reticendum,
1799 864 2094 922 etiamsi‘cui

101 950 336 994 minutius
369 949 580 997 videatur
610 964 736 1002 esse,
770 956 816 991 et
842 946 1153 992 decentiorem
1184 949 1317 992 illam
1344 948 1525 992 efficere
1553 948 1734 1003 virum,
1774 950 1853 994 ubi
1885 950 2092 995 decentia

101 1039 193 1070 dsua
219 1022 568 1076 formidolosior
599 1021 804 1079 hostibus
837 1021 1094 1079 reperietur
1128 1020 1200 1070 ⁵⁵).

220 1114 222 1116 ’
287 1111 375 1156 His
407 1125 463 1154 ex
494 1109 644 1154 causis
676 1119 772 1154 arte
803 1109 948 1154 armis
979 1109 1210 1170 pugnandi
1241 1109 1428 1167 probata
1456 1117 1501 1153 et
1530 1110 1875 1167 commendata,
1905 1121 2089 1170 tamen,

100 1187 150 1233 si
182 1201 372 1239 eorum,
416 1184 495 1243 qui
528 1184 666 1228 istam
699 1183 994 1241 profitentur,
1026 1183 1216 1229 docendi
1241 1183 1475 1228 rationem
1507 1184 1848 1230 consideramus
1877 1188 2090 1247 ipsosque

110 1269 395 1331 spectamus,
435 1257 637 1301 silentio
652 1273 743 1300 non
773 1265 843 1301 est
871 1256 1309 1312 transmittendum,
1343 1273 1424 1301 sua
1457 1257 1559 1301 illos
1602 1260 1897 1304 ostentatione
1941 1271 1985 1305 et
2024 1265 2088 1320 ja

102 1334 333 1387 czzttione,
368 1330 498 1390 quasi
530 1339 682 1374 essent
713 1330 815 1375 veri
843 1329 1128 1375 fortitudinis
1156 1331 1392 1389 magistri,
1422 1347 1514 1375 non
1541 1331 1858 1390 sibimetipsis
1875 1344 2090 1404 tantum,

102 1409 187 1454 *sed
218 1405 307 1449 arti
329 1401 581 1462 praecipue
607 1419 803 1458 nocere3
836 1403 1063 1448 invidiosa
1096 1413 1163 1448 est
1191 1404 1320 1448 enim
1353 1406 1450 1461 ejus
1482 1405 1726 1461 professi0,
1757 1415 1833 1460 ut,
1864 1409 1956 1452 nisi
1988 1412 2090 1468 quis

100 1482 288 1526 mirum
320 1490 457 1536 quam
496 1485 694 1534 praestet
728 1476 996 1520 fortitudine
1025 1477 1241 1536 reliquis,
1275 1478 1376 1521 fieri
1409 1492 1500 1520 non
1531 1478 1694 1535 possit,
1738 1479 1848 1537 quin
1880 1481 1999 1526 risui
2029 1484 2092 1528 sit

107 1571 155 1600 se
178 1553 346 1597 'dicens
379 1560 533 1594 tenere
562 1548 681 1594 hanc
713 1549 1007 1607 disciplinam
1042 1546 1119 1597 ⁵⁶)
1754 1542 1757 1543 ⁷

291 1637 381 1684 Sed
413 1637 466 1681 ad
494 1638 783 1681 tacticam
814 1638 1079 1683 universam
1113 1612 1416 1695 revertamur,
1452 1640 1581 1697 cujus
1615 1640 1663 1683 in
1696 1656 1797 1696 usu,
1828 1651 1874 1686 et
1893 1643 2098 1702 quidem,

109 1714 288 1775 quando
324 1711 378 1756 ad
405 1712 583 1754 bellum
610 1719 655 1754 et
685 1725 796 1754 arcu
837 1719 882 1754 et
911 1712 1062 1768 jaculo
1093 1711 1254 1768 hisque
1288 1712 1480 1771 singulis
1514 1713 1582 1755 uti
1615 1729 1695 1757 nos
1729 1725 1929 1772 oportet,
1969 1722 2091 1764 mul·

107 1800 209 1834 tum
236 1786 407 1830 referet
431 1784 669 1827 sinistram
702 1798 895 1827 manum
929 1787 1100 1842 pariter
1131 1799 1182 1827 ac
1203 1783 1407 1828 dextram
1428 1798 1615 1830 movere
1640 1802 1782 1842 posse,
1816 1798 1868 1831 ut
1889 1790 2091 1849 Scythae

109 1863 166 1908 ad
197 1873 360 1905 arcum
394 1856 620 1911 didicere3
664 1857 798 1915 longe
840 1873 950 1902 vero
990 1858 1275 1915 plurimum,
1317 1857 1492 1915 quando
1525 1859 1667 1903 armis
1698 1861 1828 1903 a'rma
1860 1873 1969 1907 sunt
1996 1867 2094 1922 pel·,

105 1933 250 1978 lenda.
317 1928 715 1985 Quemadmodum
750 1929 918 1988 igitur,
946 1935 1025 1988 qui
1057 1930 1254 1988 perfecte
1285 1945 1332 1974 se
1364 1931 1569 1974 exercuit
1589 1931 1638 1974 in
1662 1934 1914 1991 pancratio,
1941 1938 2017 1981 vel
2041 1939 2091 1983 in

109 2006 329 2067 pugilatu,
360 2003 434 2047 vel
466 2000 742 2057 luctatione,
777 2018 801 2047 a
833 2002 1034 2048 sinistris
1069 2002 1285 2062 congredi
1300 2003 1417 2061 potis
1438 2012 1530 2059 est,
1563 2015 1741 2062 praesto
1760 2022 1808 2051 se
1828 2024 2091 2057 accommo-

110 2083 246 2132 dans,
288 2078 328 2120 si
372 2075 426 2118 ad
467 2076 660 2116 alteram
694 2084 871 2130 partem
900 2091 947 2120 se
979 2076 1229 2135 transferze
1262 2076 1463 2135 cogitur,
1504 2077 1629 2120 idem
1661 2078 1775 2134 hoc,
1819 2082 2088 2141 opinamur,

107 2155 249 2199 etiam
284 2151 333 2194 in
364 2148 508 2192 armis
536 2146 815 2205 reliquisque
846 2139 1059 2195 omnibus
1091 2149 1450 2194 existimandum
1484 2160 1691 2206 rectum,
1725 2169 1859 2209 eum,
1889 2158 1967 2213 qui
2001 2158 2090 2203 duo

108 2224 292 2282 habeat,
325 2221 486 2294 quibus
514 2235 561 2272 se
595 2219 806 2273 defendat
835 2222 1037 2281 aliosque
1069 2222 1321 2293 adoriatur,
1355 2231 1572 2275 neutrum
1604 2225 1775 2271 horum
1806 2244 1885 2286 pro
1913 2231 2091 2295 viribus

108 2301 260 2345 sinere
298 2292 496 2342 otiosum
534 2308 632 2343 esse
654 2286 821 2353 atque
847 2295 1060 2341 inscium.
1141 2288 1346 2353 Namque
1380 2283 1617 2354 membra,
1665 2315 1809 2359 quum
1840 2313 2004 2351 natura
2036 2308 2089 2352 ab

121 2459 195 2504 σ55)
246 2458 377 2497 Lach.
404 2460 487 2496 18¹.
512 2469 549 2496 e.
571 2476 621 2483 —-
649 2458 731 2494 182.
756 2454 799 2493 d.

129 2509 197 2554 56)
249 2508 378 2548 Lach.
407 2511 489 2546 182.
516 2509 555 2546 b.
583 2529 631 2536 —
656 2506 738 2545 1⁶84.
762 2517 798 2544 c.
